<!DOCTYPE html><html lang="en-US"><head><link href="//tpc.googlesyndication.com" rel="dns-prefetch"/><meta charset="utf-8"/><script id="ttp-marker" blocking="render" nonce="7F-x_MWmFK4HbNQS">(()=>{window.performance.mark("ttp")})();</script><meta property="fb:app_id" content="105223049547814"/><meta name="viewport" content="width=device-width, initial-scale=1.0, minimum-scale=1, interactive-widget=resizes-content"/><link rel="dns-prefetch" href="https://tap.walmart.com "/><link rel="preload" fetchpriority="high" crossorigin="anonymous" href="https://i5.walmartimages.com/dfw/63fd9f59-a78c/fcfae9b6-2f69-4f89-beed-f0eeb4237946/v1/BogleWeb_subset-Bold.woff2" as="font" type="font/woff2"/><link rel="preload" fetchpriority="high" crossorigin="anonymous" href="https://i5.walmartimages.com/dfw/63fd9f59-a78c/fcfae9b6-2f69-4f89-beed-f0eeb4237946/v1/BogleWeb_subset-Regular.woff2" as="font" type="font/woff2"/><link rel="preconnect" href="https://beacon.walmart.com"/><link rel="preconnect" href="https://b.wal.co"/><script nonce="7F-x_MWmFK4HbNQS">var _bcq=_bcq || [];_bcq.push(['_setOptions',{start_time:(new Date()).getTime(),bd:'beacon.walmart.com',bh:'beacon.lightest.walmart.com',sv:'1.2.129'}]);(function initObserver(){function getSessionId(){var nextEl=document.getElementById("__NEXT_DATA__");var text=nextEl&&nextEl.textContent;var dd;try{dd=JSON.parse(text||"{}")}catch(exc){dd={}}var sid=dd&&dd.props&&dd.props.pageProps&&dd.props.pageProps.isomorphicSessionId;return sid||"unknown"}function getContextInfo(propName){var nextEl=document.getElementById("__NEXT_DATA__");var text=nextEl&&nextEl.textContent;var dd;try{dd=JSON.parse(text||"{}")}catch(exc){dd={}}return dd&&dd.runtimeConfig&&dd.runtimeConfig[propName]||"unknown"}function onerror(evt){var el=evt.target;var url=el.getAttribute("src")||el.getAttribute("href");_bcq.push(["_tagAction","walmartWeb","log","wcnp_walmart-web",{msg:{isomorphicSessionId:getSessionId(),appVersion:getContextInfo("appVersion"),datacenter:getContextInfo("dataCenter"),message:{logContent:{message:"Required script failed to load. "+url},type:"CONSOLE_ERROR"},tags:["error","platform","client-error-logger"]},pg:{nm:"walmartWeb"},ta:{}}])}function onchange(changes){if(!(changes&&changes.length)){return}for(var chg of changes){var added=chg.addedNodes;if(!(added&&added.length&&chg.type==="childList")){continue}var node=added[0];var tag=node.nodeName;var rel=node.rel;var isLink=tag==="LINK";var isCss=isLink&&rel==="stylesheet";var isPreload=isLink&&rel==="preload"&&["font","style"].indexOf(node.as)>=0;if(tag==="SCRIPT"||isCss||isPreload){node.onerror=onerror}}}var observer=new MutationObserver(onchange);observer.observe(document,{attributes:true,childList:true,subtree:true});return{getSessionId:getSessionId,getContextInfo:getContextInfo,observer:observer,onchange:onchange,onerror:onerror}})();</script><script data-testid="pulse-script" async="" nonce="7F-x_MWmFK4HbNQS" src="//i5.walmartimages.com/beacon/beacon.js?bd=beacon.walmart.com&amp;bh=beacon.lightest.walmart.com"></script><title>Holiday Food - Walmart.com</title><meta name="description" content="Shop for Holiday food at Walmart.com. Buy Seasonal cocktails, desserts, plant-based mains, sides, sweets, drinks, protein, pastries. Save money. Live better."/><link rel="canonical" href="https://www.walmart.com/cp/holiday-food/7998220"/><meta property="og:url" content="https://www.walmart.com/cp/holiday-food/7998220"/><meta property="og:description" content="Shop for Holiday food at Walmart.com. Buy Seasonal cocktails, desserts, plant-based mains, sides, sweets, drinks, protein, pastries. Save money. Live better."/><meta property="og:title" content="Holiday Food - Walmart.com"/><meta property="og:type" content="Website"/><meta property="og:site_name" content="Walmart.com"/><meta name="keywords" content=""/><meta name="robots" content="INDEX,FOLLOW"/><link fetchpriority="high" rel="preload" as="image" href="https://i5.walmartimages.com/dfw/4ff9c6c9-f85c/k2-_0fdf26ef-d848-4644-b6cb-545095dce13d.v1.jpg"/><meta name="next-head-count" content="22"/><script nonce="7F-x_MWmFK4HbNQS">(()=>{
    const lang = document.documentElement.lang;
    Object.defineProperty(document.documentElement, "lang", {
        get () {
            return lang;
        },
        set () {}
    });
})()</script><link rel="preconnect" href="https://i5.walmartimages.com"/><link nonce="7F-x_MWmFK4HbNQS" rel="preload" href="https://i5.walmartimages.com/dfw/63fd9f59-2a88/0f4e2c10-a934-4511-b0b6-8e629aae96e5/v2/en-US/_next/static/css/f1a48d3a57f50d0d.css" as="style"/><link nonce="7F-x_MWmFK4HbNQS" rel="stylesheet" href="https://i5.walmartimages.com/dfw/63fd9f59-2a88/0f4e2c10-a934-4511-b0b6-8e629aae96e5/v2/en-US/_next/static/css/f1a48d3a57f50d0d.css" data-n-g=""/><noscript data-n-css="7F-x_MWmFK4HbNQS"></noscript><script defer="" nonce="7F-x_MWmFK4HbNQS" nomodule="" src="https://i5.walmartimages.com/dfw/63fd9f59-2a88/0f4e2c10-a934-4511-b0b6-8e629aae96e5/v2/en-US/_next/static/chunks/polyfills-c67a75d1b6f99dc8.js"></script><script defer="" src="https://i5.walmartimages.com/dfw/63fd9f59-2a88/0f4e2c10-a934-4511-b0b6-8e629aae96e5/v2/en-US/_next/static/chunks/ui_event-timer_queue-timer-e564a76fae5caec6.js" nonce="7F-x_MWmFK4HbNQS"></script><script defer="" src="https://i5.walmartimages.com/dfw/63fd9f59-2a88/0f4e2c10-a934-4511-b0b6-8e629aae96e5/v2/en-US/_next/static/chunks/ui_item-queue_banner_queue-banner-2488af055a1a0ddb.js" nonce="7F-x_MWmFK4HbNQS"></script><script defer="" src="https://i5.walmartimages.com/dfw/63fd9f59-2a88/0f4e2c10-a934-4511-b0b6-8e629aae96e5/v2/en-US/_next/static/chunks/ui_image_utils.1f72a84492c59467.js" nonce="7F-x_MWmFK4HbNQS"></script><script defer="" src="https://i5.walmartimages.com/dfw/63fd9f59-2a88/0f4e2c10-a934-4511-b0b6-8e629aae96e5/v2/en-US/_next/static/chunks/tempo_pov-n-up_pov-n-up.280628ae6ea8ae16.js" nonce="7F-x_MWmFK4HbNQS"></script><script defer="" src="https://i5.walmartimages.com/dfw/63fd9f59-2a88/0f4e2c10-a934-4511-b0b6-8e629aae96e5/v2/en-US/_next/static/chunks/tempo_pov-n-up.8e6e8a23eaec6c11.js" nonce="7F-x_MWmFK4HbNQS"></script><script defer="" src="https://i5.walmartimages.com/dfw/63fd9f59-2a88/0f4e2c10-a934-4511-b0b6-8e629aae96e5/v2/en-US/_next/static/chunks/ui_product-carousel_product-carousel-6823af165b9c427a.js" nonce="7F-x_MWmFK4HbNQS"></script><script defer="" src="https://i5.walmartimages.com/dfw/63fd9f59-2a88/0f4e2c10-a934-4511-b0b6-8e629aae96e5/v2/en-US/_next/static/chunks/ui_product-carousel.c18800be20ee0277.js" nonce="7F-x_MWmFK4HbNQS"></script><script defer="" src="https://i5.walmartimages.com/dfw/63fd9f59-2a88/0f4e2c10-a934-4511-b0b6-8e629aae96e5/v2/en-US/_next/static/chunks/item_data-hooks_item-data-hooks-6bfd824a7013943c.js" nonce="7F-x_MWmFK4HbNQS"></script><script defer="" src="https://i5.walmartimages.com/dfw/63fd9f59-2a88/0f4e2c10-a934-4511-b0b6-8e629aae96e5/v2/en-US/_next/static/chunks/item_related-pages.8e8eb7a0858b0f0f.js" nonce="7F-x_MWmFK4HbNQS"></script><script defer="" src="https://i5.walmartimages.com/dfw/63fd9f59-2a88/0f4e2c10-a934-4511-b0b6-8e629aae96e5/v2/en-US/_next/static/chunks/content-pages_category_CustomCopyBlock.7746010481af52a3.js" nonce="7F-x_MWmFK4HbNQS"></script><script defer="" src="https://i5.walmartimages.com/dfw/63fd9f59-2a88/0f4e2c10-a934-4511-b0b6-8e629aae96e5/v2/en-US/_next/static/chunks/global-nav_footer_cookie-checker.3720c963656f92fe.js" nonce="7F-x_MWmFK4HbNQS"></script><script src="https://i5.walmartimages.com/dfw/63fd9f59-2a88/0f4e2c10-a934-4511-b0b6-8e629aae96e5/v2/en-US/_next/static/chunks/webpack-6ff99812b737ecd3.js" nonce="7F-x_MWmFK4HbNQS" defer=""></script><script src="https://i5.walmartimages.com/dfw/63fd9f59-2a88/0f4e2c10-a934-4511-b0b6-8e629aae96e5/v2/en-US/_next/static/chunks/framework-fbf51d978577c6fa.js" nonce="7F-x_MWmFK4HbNQS" defer=""></script><script src="https://i5.walmartimages.com/dfw/63fd9f59-2a88/0f4e2c10-a934-4511-b0b6-8e629aae96e5/v2/en-US/_next/static/chunks/main-703ef94972616b35.js" nonce="7F-x_MWmFK4HbNQS" defer=""></script><script src="https://i5.walmartimages.com/dfw/63fd9f59-2a88/0f4e2c10-a934-4511-b0b6-8e629aae96e5/v2/en-US/_next/static/chunks/pages/_app-c7a8ae954846ed41.js" nonce="7F-x_MWmFK4HbNQS" defer=""></script><script src="https://i5.walmartimages.com/dfw/63fd9f59-2a88/0f4e2c10-a934-4511-b0b6-8e629aae96e5/v2/en-US/_next/static/chunks/node_modules_.pnpm_isomorphic-dompurify@0.13_node_modules_isomorphic-dompurify_browser-40a80efbab37a530.js" nonce="7F-x_MWmFK4HbNQS" defer=""></script><script src="https://i5.walmartimages.com/dfw/63fd9f59-2a88/0f4e2c10-a934-4511-b0b6-8e629aae96e5/v2/en-US/_next/static/chunks/node_modules_.pnpm_@walmart+use-safeframe@0.4.0_react@17.0_node_modules_@walmart_use-safeframe_lib_index-29b5da6dfb811bc2.js" nonce="7F-x_MWmFK4HbNQS" defer=""></script><script src="https://i5.walmartimages.com/dfw/63fd9f59-2a88/0f4e2c10-a934-4511-b0b6-8e629aae96e5/v2/en-US/_next/static/chunks/ui_horizontal-scroller_locale_messages-5161e79aaf6c01dc.js" nonce="7F-x_MWmFK4HbNQS" defer=""></script><script src="https://i5.walmartimages.com/dfw/63fd9f59-2a88/0f4e2c10-a934-4511-b0b6-8e629aae96e5/v2/en-US/_next/static/chunks/ui_horizontal-scroller_horizontal-scroller-6e077a65674c389d.js" nonce="7F-x_MWmFK4HbNQS" defer=""></script><script src="https://i5.walmartimages.com/dfw/63fd9f59-2a88/0f4e2c10-a934-4511-b0b6-8e629aae96e5/v2/en-US/_next/static/chunks/ui_product-tile_locale_messages-aa2448d727025643.js" nonce="7F-x_MWmFK4HbNQS" defer=""></script><script src="https://i5.walmartimages.com/dfw/63fd9f59-2a88/0f4e2c10-a934-4511-b0b6-8e629aae96e5/v2/en-US/_next/static/chunks/ui_quantity-stepper_quantity-stepper-d449f443b3be4840.js" nonce="7F-x_MWmFK4HbNQS" defer=""></script><script src="https://i5.walmartimages.com/dfw/63fd9f59-2a88/0f4e2c10-a934-4511-b0b6-8e629aae96e5/v2/en-US/_next/static/chunks/item_data-access_utils_analytics-f1883b38d79f9198.js" nonce="7F-x_MWmFK4HbNQS" defer=""></script><script src="https://i5.walmartimages.com/dfw/63fd9f59-2a88/0f4e2c10-a934-4511-b0b6-8e629aae96e5/v2/en-US/_next/static/chunks/ui_product-tile_hooks_use-on-product-690f22c8d542787f.js" nonce="7F-x_MWmFK4HbNQS" defer=""></script><script src="https://i5.walmartimages.com/dfw/63fd9f59-2a88/0f4e2c10-a934-4511-b0b6-8e629aae96e5/v2/en-US/_next/static/chunks/ads_types_ads-cloud-variables-29004e6811cc4aa5.js" nonce="7F-x_MWmFK4HbNQS" defer=""></script><script src="https://i5.walmartimages.com/dfw/63fd9f59-2a88/0f4e2c10-a934-4511-b0b6-8e629aae96e5/v2/en-US/_next/static/chunks/cart_add-to-cart_add-to-cart-d482ae410a48caf1.js" nonce="7F-x_MWmFK4HbNQS" defer=""></script><script src="https://i5.walmartimages.com/dfw/63fd9f59-2a88/0f4e2c10-a934-4511-b0b6-8e629aae96e5/v2/en-US/_next/static/chunks/ui_product-tile_vertical_product-reward-4feb704d130a8123.js" nonce="7F-x_MWmFK4HbNQS" defer=""></script><script src="https://i5.walmartimages.com/dfw/63fd9f59-2a88/0f4e2c10-a934-4511-b0b6-8e629aae96e5/v2/en-US/_next/static/chunks/ui_product-tile_vertical-0cf3a4b9931c802e.js" nonce="7F-x_MWmFK4HbNQS" defer=""></script><script src="https://i5.walmartimages.com/dfw/63fd9f59-2a88/0f4e2c10-a934-4511-b0b6-8e629aae96e5/v2/en-US/_next/static/chunks/ads_provider_ads-context-provider-fa8bec0a000c1931.js" nonce="7F-x_MWmFK4HbNQS" defer=""></script><script src="https://i5.walmartimages.com/dfw/63fd9f59-2a88/0f4e2c10-a934-4511-b0b6-8e629aae96e5/v2/en-US/_next/static/chunks/ui_product-tile_vertical_product-image-c72f33f6e31f315e.js" nonce="7F-x_MWmFK4HbNQS" defer=""></script><script src="https://i5.walmartimages.com/dfw/63fd9f59-2a88/0f4e2c10-a934-4511-b0b6-8e629aae96e5/v2/en-US/_next/static/chunks/wallet_data-access_locale_messages-c0f0bcdf08ef1c21.js" nonce="7F-x_MWmFK4HbNQS" defer=""></script><script src="https://i5.walmartimages.com/dfw/63fd9f59-2a88/0f4e2c10-a934-4511-b0b6-8e629aae96e5/v2/en-US/_next/static/chunks/wplus_pause-membership-page_pause-membership-context-838d43c4dad00778.js" nonce="7F-x_MWmFK4HbNQS" defer=""></script><script src="https://i5.walmartimages.com/dfw/63fd9f59-2a88/0f4e2c10-a934-4511-b0b6-8e629aae96e5/v2/en-US/_next/static/chunks/ui_pagination_pagination-f22cb60d524d1a87.js" nonce="7F-x_MWmFK4HbNQS" defer=""></script><script src="https://i5.walmartimages.com/dfw/63fd9f59-2a88/0f4e2c10-a934-4511-b0b6-8e629aae96e5/v2/en-US/_next/static/chunks/cart_add-to-cart_use-hot-pac-bottom-sheet-6a309b6566d6a734.js" nonce="7F-x_MWmFK4HbNQS" defer=""></script><script src="https://i5.walmartimages.com/dfw/63fd9f59-2a88/0f4e2c10-a934-4511-b0b6-8e629aae96e5/v2/en-US/_next/static/chunks/ui_skinny-banner_skinny-banner-35a67a2c49943952.js" nonce="7F-x_MWmFK4HbNQS" defer=""></script><script src="https://i5.walmartimages.com/dfw/63fd9f59-2a88/0f4e2c10-a934-4511-b0b6-8e629aae96e5/v2/en-US/_next/static/chunks/repurchase_data-access_repurchase-cloud-variables-db32ec2a9c558529.js" nonce="7F-x_MWmFK4HbNQS" defer=""></script><script src="https://i5.walmartimages.com/dfw/63fd9f59-2a88/0f4e2c10-a934-4511-b0b6-8e629aae96e5/v2/en-US/_next/static/chunks/livingdesign_deprecated-components_CardV2-3ef47dfefe47ee0e.js" nonce="7F-x_MWmFK4HbNQS" defer=""></script><script src="https://i5.walmartimages.com/dfw/63fd9f59-2a88/0f4e2c10-a934-4511-b0b6-8e629aae96e5/v2/en-US/_next/static/chunks/platform_tempo_components_tempo-layout-cc4d61e184d1973f.js" nonce="7F-x_MWmFK4HbNQS" defer=""></script><script src="https://i5.walmartimages.com/dfw/63fd9f59-2a88/0f4e2c10-a934-4511-b0b6-8e629aae96e5/v2/en-US/_next/static/chunks/brand-pages_brand_product-tile-collection-cc32e7a033c09ec8.js" nonce="7F-x_MWmFK4HbNQS" defer=""></script><script src="https://i5.walmartimages.com/dfw/63fd9f59-2a88/0f4e2c10-a934-4511-b0b6-8e629aae96e5/v2/en-US/_next/static/chunks/digital-finance_one-debit-card_components_one-debit-card-modal-61002c08a21183f0.js" nonce="7F-x_MWmFK4HbNQS" defer=""></script><script src="https://i5.walmartimages.com/dfw/63fd9f59-2a88/0f4e2c10-a934-4511-b0b6-8e629aae96e5/v2/en-US/_next/static/chunks/pages/content/%5B...categoryParams%5D-7b0ae4d1a3749a81.js" nonce="7F-x_MWmFK4HbNQS" defer=""></script><script src="https://i5.walmartimages.com/dfw/63fd9f59-2a88/0f4e2c10-a934-4511-b0b6-8e629aae96e5/v2/en-US/_next/static/production_20231214T221012277Z-en-US/_buildManifest.js" nonce="7F-x_MWmFK4HbNQS" defer=""></script><script src="https://i5.walmartimages.com/dfw/63fd9f59-2a88/0f4e2c10-a934-4511-b0b6-8e629aae96e5/v2/en-US/_next/static/production_20231214T221012277Z-en-US/_ssgManifest.js" nonce="7F-x_MWmFK4HbNQS" defer=""></script><script nonce="7F-x_MWmFK4HbNQS">var TBRewriteHostAltWeight = 10.000000;</script><script async="async" defer="defer" src="//i5.walmartimages.com/a14/capabilities.min.js" nonce="7F-x_MWmFK4HbNQS"></script></head><body><div id="__next" data-reactroot=""><div><div data-testid="layout-container" class="flex flex-column min-vh-100 shadow-2" style="transform:none;transition:transform .2s"><span data-pcss-show="true" data-testid="global-header" class="sticky bg-secondary w-100 top-0 z-1" style="transition:top 0.65s"><a link-identifier="Generic Name" class="o-0 absolute" tabindex="-1"></a><a link-identifier="Generic Name" class="slider skip-main bg-white-90" href="#maincontent">Skip to Main Content</a><header class="flex items-center justify-center pa3 center-hdkp ph3-hdkp nav-clickable-padded" data-testid="responsiveHeader" style="transition:top 0.65s"><div class="flex items-center justify-center dn-hdkp" style="transition:opacity .3s"><a link-identifier="hamburgerMenu" class="flex items-center b--none bg-transparent mr3 pa0 pointer h3 w3 no-underline white" aria-hidden="false" aria-label="All Departments Menu" href="/all-departments"><i class="ld ld-Menu" style="font-size:1.5rem;vertical-align:-0.25em;width:24px;height:24px;box-sizing:content-box" aria-hidden="true"></i></a><a link-identifier="walmartLogoMobile" class="gold h3 w3 dn-hdkp" aria-hidden="false" aria-label="Walmart Homepage" data-automation-id="header-link-walmartLogo" href="/"><i class="ld ld-Spark" style="font-size:2rem;vertical-align:-0.325em;width:2rem;height:2rem;box-sizing:content-box" aria-hidden="true"></i></a></div><a link-identifier="walmartLogoDesktop" class="dn db-hdkp flex-none pa3 hover-bg-dark-primary pt2" style="border-radius:100px;transition:all 100ms cubic-bezier(0.77, 0, 0.175, 1);height:48px" aria-label="Walmart Homepage" href="/"><img loading="lazy" alt="Walmart" class="db" height="32" src="//i5.walmartimages.com/dfw/63fd9f59-b3e1/7a569e53-f29a-4c3d-bfaf-6f7a158bfadd/v1/walmartLogo.svg" data-automation-id="header-walmartLogo" width="130"/></a><section class="dn db-hdkp"><div class="relative"><button type="button" class="flex items-center no-underline desktop-header-trigger lh-title b ph3 white pointer sans-serif bg-transparent ba b--transparent" style="border-radius:100px;height:48px;transition:all 100ms cubic-bezier(0.77, 0, 0.175, 1)" aria-haspopup="true" aria-expanded="false"><i class="ld ld-Grid pr2" style="font-size:1rem;vertical-align:-0.175em;width:1rem;height:1rem;box-sizing:content-box" aria-hidden="true"></i>Departments</button><div class="absolute bg-white br3 br--bottom left-0 lh-copy mt3 overflow-hidden shadow-1 dn" data-testid="departments-flyout" style="margin-top:20px;left:50%;transform:none;margin-left:-135px;max-height:0"><div></div></div></div></section><section class="dn db-hdkp"><div class="relative"><button type="button" class="flex items-center no-underline desktop-header-trigger lh-title b ph3 white pointer sans-serif bg-transparent ba b--transparent" style="border-radius:100px;height:48px;transition:all 100ms cubic-bezier(0.77, 0, 0.175, 1)" aria-haspopup="true" aria-expanded="false"><i class="ld ld-Services pr2" style="font-size:1rem;vertical-align:-0.175em;width:1rem;height:1rem;box-sizing:content-box" aria-hidden="true"></i>Services</button><div class="absolute bg-white br3 br--bottom left-0 lh-copy mt3 overflow-hidden shadow-1 dn" data-testid="services-flyout" style="margin-top:20px;left:50%;transform:none;margin-left:-135px;max-height:0"><div></div></div></div></section><form action="/search" autocomplete="off" aria-label="Walmart Site-Wide" role="search" class="flex flex-auto items-center justify-center pl3 justify-start-hdkp pa0-hdkp ml3-hdkp static" data-testid="search-form"><div class="flex flex-auto items-center relative"><input type="search" aria-label="Search" aria-activedescendant="" class="flex-auto lh-solid sans-serif search-bar br-pill f5 b--none" name="q" placeholder="Search Walmart" style="padding-left:1.5rem;padding-right:2.5rem" aria-autocomplete="list" aria-haspopup="listbox" autocomplete="off" value="" data-automation-id="header-input-search"/><button aria-label="Clear search field text" class="absolute bn bg-transparent h-100 right-2" style="padding:0 0.75rem;cursor:pointer;opacity:0" type="reset" tabindex="-1" aria-hidden="true"><i class="ld ld-Close" style="font-size:1rem;vertical-align:-0.175em;width:1rem;height:1rem;box-sizing:content-box"></i></button><button aria-label="Search icon" class="absolute bn br-100 search-icon" style="cursor:pointer"><i class="ld ld-Search absolute" style="font-size:1rem;vertical-align:-0.175em;top:50%;left:50%;transform:translate(-50%, -50%);width:1rem;height:1rem;box-sizing:content-box" data-automation-id="search-icon" aria-hidden="true"></i></button></div><button aria-hidden="true" aria-label="Cancel" class="bn bg-transparent mh1 ph2 pv2 pointer sans-serif underline z-1 dn-hdkp clip o-0 white" style="transition:opacity .3s" tabindex="-1" type="button">Cancel</button></form><nav aria-label="My Items, Account and Cart"><ul class="flex ma0 pa0 list"><li class="dn db-hdkp ml3 relative"><a link-identifier="Reorder my items" class="flex items-center no-underline desktop-header-trigger lh-title lh-solid ph3 white" style="border-radius:100px;height:48px;transition:all 100ms cubic-bezier(0.77, 0, 0.175, 1)" aria-haspopup="true" aria-expanded="false" role="button" href="/my-items"><i class="ld ld-Heart pr2" style="font-size:1rem;vertical-align:-0.175em;width:16px;height:1rem;box-sizing:content-box" aria-hidden="true"></i><div class="nowrap"><div class="f7 lh-title">Reorder</div><div class="b">My Items</div></div></a><div class="absolute bg-white br3 br--bottom left-0 lh-copy mt3 overflow-hidden shadow-1 dn" data-testid="my-items-flyout" style="margin-top:20px;left:50%;transform:translateX(-50%)"><div class="ph4 pt4 pb2" data-automation-id="walmart-myitems"><a link-identifier="Reorder" class="dark-gray db f6 no-underline nowrap desktop-header-flyout-link mb3" data-automation-id="walmart-reorder" href="/my-items"><i class="ld ld-Reorder mr2" style="font-size:1rem;vertical-align:-0.175em;width:1rem;height:1rem;box-sizing:content-box"></i>Reorder</a><a link-identifier="Lists" class="dark-gray db f6 no-underline nowrap desktop-header-flyout-link mb3" data-automation-id="walmart-list" href="/lists"><i class="ld ld-Heart mr2" style="font-size:1rem;vertical-align:-0.175em;width:1rem;height:1rem;box-sizing:content-box"></i>Lists</a><a link-identifier="Registries" class="dark-gray db f6 no-underline nowrap desktop-header-flyout-link mb3" href="/my-registries"><i class="ld ld-Gift mr2" style="font-size:1rem;vertical-align:-0.175em;width:1rem;height:1rem;box-sizing:content-box"></i>Registries</a></div></div></li><li class="dn db-hdkp relative"><a link-identifier="Account" class="flex items-center no-underline desktop-header-trigger lh-title lh-solid ph3 white" style="border-radius:100px;height:48px;transition:all 100ms cubic-bezier(0.77, 0, 0.175, 1)" aria-haspopup="true" aria-expanded="false" role="button" href="/account/login?vid=oaoh"><i class="ld ld-User" style="font-size:16px;vertical-align:-0.175em;margin-left:;width:16px;height:16px;box-sizing:content-box" aria-hidden="true"></i><div class="ml2 nowrap" data-automation-id="headerSignIn"><div class="mw3 mw4-hdkp truncate lh-title f7">Sign In</div><div class="b">Account</div></div></a><div class="absolute bg-white br3 br--bottom left-0 lh-copy mt3 overflow-hidden shadow-1 dn" data-testid="account-flyout" style="margin-top:20px;left:50%;transform:translateX(-50%)"><div class="pa4"><button class="w_hhLG w_8nsR w_0_LY db mb3 w-100" type="button" data-testid="sign-in">Sign In</button><button class="w_hhLG w_XK4d w_0_LY db mb3 w-100" type="button" data-automation-id="header-create-account">Create an account</button><div class="mb3"><hr aria-hidden="true" class="w_8Gn9"/></div><a link-identifier="Purchase History" class="dark-gray db f6 no-underline nowrap desktop-header-flyout-link" data-automation-id="headerPurchaseHistory" href="/orders"><i class="ld ld-Receipt mr2" style="font-size:1rem;vertical-align:-0.175em;width:1rem;height:1rem;box-sizing:content-box"></i>Purchase History</a><a link-identifier="Walmart Plus" class="dark-gray db f6 no-underline nowrap desktop-header-flyout-link mt3" href="/plus"><img loading="lazy" class="mr2 f5" src="//i5.walmartimages.com/dfw/63fd9f59-ac39/29c6759d-7f14-49fa-bd3a-b870eb4fb8fb/v1/wplus-icon-blue.svg" alt="Walmart+" height="16" width="16" style="vertical-align:-0.175em"/>Walmart+</a></div></div></li><li aria-hidden="false" class="undefined" style="transition:opacity .3s"><div class="relative"><div class="cart-button ml2 flex justify-center db-hdkp justify-start-hdkp h-auto-hdkp mr4-hdkp flex-column"><button type="button" class="bn bg-transparent br2 flex flex-column items-center pa0 pointer relative sans-serif pa3 justify-center white hover-bg-dark-primary" style="border-radius:100px;transition:all 100ms cubic-bezier(0.77, 0, 0.175, 1);height:48px" id="cart-button-header" data-automation-id="cart-button-header" aria-label="Cart contains 0 items Total Amount $0.00"><i class="ld ld-Cart mr1 white" style="font-size:1.5rem;vertical-align:-0.25em;width:24px;height:24px;box-sizing:content-box"></i><span class="db nowrap" style="font-size:.625rem;visibility:hidden;height:10px;vertical-align:-0.25em;width:30px">$0.00</span></button></div></div></li></ul></nav></header></span><div class="flex flex-column flex-auto relative z-0" aria-hidden="false"><div data-pcss-show="true" class="bg-primary white sticky z-3 gic-wrapper gic-wrapper-top" id="gic-wrapper" data-testid="gic-wrapper" style="min-height:41px;transition:top 0.65s"><hr aria-hidden="true" class="w_8Gn9 banner-divider"/><div data-pcss-hide="true" class="items-center flex flex-auto ph3 ph4-m pv1"><div class="flex items-center h3"><img loading="lazy" alt="Banner title icon" src="https://i5.walmartimages.com/dfwrs/76316474-3850/k2-_c6d4aec7-b4a7-4ea4-9223-07c8daef4fcf.v1.png" width="26" height="26" class="mr2 br-100 v-btm"/><span class="b f6">How do you want your items?</span></div></div></div><div class="flex-auto relative z-1" data-testid="main-content-container"><div class="main-content mw1280 center" id="maincontent" data-testid="maincontent"><div><main class="ph3-l ph4-xl pb4" id="maincontent"><span class="w_iUH7"><h1>Holiday Food</h1></span><div data-testid="flex-container" class="flex undefined flex-column h-100"><div class="h-100 relative"><div data-testid="flex-container" class="flex undefined flex-column h-100"><div class="h-100 relative"><div class="ma3"><section><div data-testid="skinny-banner"><div class="w-100"><div class="flex flex-column items-center justify-center w-100 br3 overflow-hidden pv4 relative" style="height:150px"><img loading="eager" aria-hidden="true" alt="Get set to celebrate New Year’s Eve. Say hello to two thousand and twenty-four! Shop now." height="150px" src="https://i5.walmartimages.com/dfw/4ff9c6c9-f85c/k2-_0fdf26ef-d848-4644-b6cb-545095dce13d.v1.jpg" style="object-fit:contain" width="auto"/><div style="max-width:fit-content" class="flex flex-column items-center justify-center ph3 absolute"><div class="flex items-center"><span class="flex justify-center"><div class="flex"><div aria-label="Get set to celebrate New Year’s Eve"><span class="b f1-ns f2-m" style="color:#000000" aria-hidden="true">Get set to celebrate New Year’s Eve</span></div></div></span><span class="flex justify-center justify-start-m pt2"><span class="dn dib-m ph3">|</span></span></div><span class="" style="color:#000000" aria-hidden="false">Say hello to 2024!</span></div></div></div></div></section></div> <section class="mv3 mv4-xl ml3 mr3-m mh0-l bb b--near-white bn-l"><div class="flex justify-between sans-serif mb3 items-baseline"><h2 class="f4 f3-m truncate ma0">Holiday party must-haves</h2></div><div class="w_KPWk w_GxNv" role="list"><div class="w_aoqv w_wRee w_b0y1 w_eLjl" role="listitem"><article class="sans-serif shadow-1 br3 w-100 bg-white"><a link-identifier="de67ae42-6aa5-46d3-9bb4-6f893ca2c4bf" class="no-underline" href="https://www.walmart.com/browse/food/holiday-appetizers/976759_1567409_7998220_4305948_7095713?povid=976759_3upPOVCards_7998220_PartyMustHaves_Apps_112223"><img loading="lazy" srcset="https://i5.walmartimages.com/dfw/4ff9c6c9-5a4f/k2-_b2e110cf-4a60-4608-9b80-ef0f74907025.v1.png?odnHeight=222&amp;odnWidth=395&amp;odnBg=FFFFFF 1x,
        https://i5.walmartimages.com/dfw/4ff9c6c9-5a4f/k2-_b2e110cf-4a60-4608-9b80-ef0f74907025.v1.png?odnHeight=444&amp;odnWidth=790&amp;odnBg=FFFFFF 2x" src="https://i5.walmartimages.com/dfw/4ff9c6c9-5a4f/k2-_b2e110cf-4a60-4608-9b80-ef0f74907025.v1.png?odnHeight=222&amp;odnWidth=395&amp;odnBg=FFFFFF" alt="" class="w-100 br3 br--top db h-auto" width="395" height="222"/><div class="pa3 pb0"><h3 class="f4 ma0 mb1 mb2-xl dark-gray lh-title truncate">Apps</h3><p class="f6 ma0 mid-gray lh-copy" style="height:2.5rem;overflow:hidden;text-overflow:ellipsis" title="Start the festivities with easy, low-prep bites.">Start the festivities with easy, low-prep bites.</p></div><span class="pv1 dib b mv3 ml3 ph3 f6 ba br4 b--black black bg-white hover-white hover-bg-black outline-0 no-underline">Shop now</span></a></article></div><div class="w_aoqv w_wRee w_b0y1 w_eLjl" role="listitem"><article class="sans-serif shadow-1 br3 w-100 bg-white"><a link-identifier="162cedc3-ff93-4e9d-8ed3-b72a10563f4c" class="no-underline" href="https://www.walmart.com/browse/food/desserts/976759_1567409_7998220_4305948_9323015?povid=976759_3upPOVCards_7998220_PartyMustHaves_Desserts_112223"><img loading="lazy" srcset="https://i5.walmartimages.com/dfw/4ff9c6c9-5b11/k2-_dba6737d-87a3-4390-97e9-e0290b509cd2.v1.png?odnHeight=222&amp;odnWidth=395&amp;odnBg=FFFFFF 1x,
        https://i5.walmartimages.com/dfw/4ff9c6c9-5b11/k2-_dba6737d-87a3-4390-97e9-e0290b509cd2.v1.png?odnHeight=444&amp;odnWidth=790&amp;odnBg=FFFFFF 2x" src="https://i5.walmartimages.com/dfw/4ff9c6c9-5b11/k2-_dba6737d-87a3-4390-97e9-e0290b509cd2.v1.png?odnHeight=222&amp;odnWidth=395&amp;odnBg=FFFFFF" alt="" class="w-100 br3 br--top db h-auto" width="395" height="222"/><div class="pa3 pb0"><h3 class="f4 ma0 mb1 mb2-xl dark-gray lh-title truncate">Desserts</h3><p class="f6 ma0 mid-gray lh-copy" style="height:2.5rem;overflow:hidden;text-overflow:ellipsis" title="Grab fresh or frozen treats to finish the night on a sweet note.">Grab fresh or frozen treats to finish the night on a sweet note.</p></div><span class="pv1 dib b mv3 ml3 ph3 f6 ba br4 b--black black bg-white hover-white hover-bg-black outline-0 no-underline">Shop now</span></a></article></div><div class="w_aoqv w_wRee w_b0y1 w_eLjl" role="listitem"><article class="sans-serif shadow-1 br3 w-100 bg-white"><a link-identifier="e011d8f3-3337-41a7-80dc-e5054a446cb7" class="no-underline" href="https://www.walmart.com/browse/food/holiday-beverages/976759_1567409_7998220_4305948_2236979?povid=976759_3upPOVCards_7998220_PartyMustHaves_Beverages_112223"><img loading="lazy" srcset="https://i5.walmartimages.com/dfw/4ff9c6c9-a847/k2-_3531ee66-ee14-48b6-8a22-8d4075e1b832.v1.png?odnHeight=222&amp;odnWidth=395&amp;odnBg=FFFFFF 1x,
        https://i5.walmartimages.com/dfw/4ff9c6c9-a847/k2-_3531ee66-ee14-48b6-8a22-8d4075e1b832.v1.png?odnHeight=444&amp;odnWidth=790&amp;odnBg=FFFFFF 2x" src="https://i5.walmartimages.com/dfw/4ff9c6c9-a847/k2-_3531ee66-ee14-48b6-8a22-8d4075e1b832.v1.png?odnHeight=222&amp;odnWidth=395&amp;odnBg=FFFFFF" alt="" class="w-100 br3 br--top db h-auto" width="395" height="222"/><div class="pa3 pb0"><h3 class="f4 ma0 mb1 mb2-xl dark-gray lh-title truncate">Cocktails &amp; mocktails</h3><p class="f6 ma0 mid-gray lh-copy" style="height:2.5rem;overflow:hidden;text-overflow:ellipsis" title="Delicious bevs &amp; mixers for stunning sips—cheers to that!">Delicious bevs &amp; mixers for stunning sips—cheers to that!</p></div><span class="pv1 dib b mv3 ml3 ph3 f6 ba br4 b--black black bg-white hover-white hover-bg-black outline-0 no-underline">Shop now</span></a></article></div></div></section> <div class="mv3 mv4-xl ml3 ml0-l bb b--near-white"><section><section><header class="flex justify-between mb3 mb2-m pr3 pr4-m pr0-xl items-baseline"><section style="flex:1"><div><div><div class="inline-flex "><h2 class="f4 f3-m lh-title ma0 ">Top party picks</h2></div></div></div></section><a link-identifier="View all" class="black f6" href="https://www.walmart.com/browse/food/holiday-party-food/976759_1567409_7998220_1480796?povid=976759_ItemCarousel_7998220_PartyPicks_111423">View all</a></header><div class="flex flex-column justify-center relative" data-testid="horizontal-scroller-Product Carousel"><a link-identifier="horizontalScrollerPrevious" class="absolute dn z-5 bg-white br-100 pa0 pointer hidden-child br-100 nav-control left-1" aria-label="Previous slide for Product Carousel list" data-testid="horizontal-scroller-previous" role="button"><i class="ld ld-ChevronLeft" style="font-size:1.5rem;vertical-align:-0.25em;padding:12px;width:1.5rem;height:1.5rem;box-sizing:content-box"></i></a><ul style="display:grid;grid-auto-flow:column;scroll-snap-type:x mandatory;max-height:fit-content" class="list ma0 pl0 overflow-x-scroll hidesb hidesb-wk relative overflow-y-hidden carousel-peek-2 carousel-6-l carousel-3-m pr3-m" data-testid="carousel-container"><li class="flex flex-column items-center pa1 pr2 pb2" data-slide="0"><div role="group" data-item-id="21289068" class="sans-serif mid-gray relative flex flex-column w-100 h-100 hide-child-opacity" data-testid="product-tile-0" aria-label="Product"><a link-identifier="21289068" class="absolute w-100 h-100 z-1 hide-sibling-opacity" target="" href="/ip/HORMEL-GATHERINGS-Hard-Salami-and-Pepperoni-with-Cheese-and-Crackers-28oz-Deli-Party-Tray/21289068?athcpid=21289068&amp;athpgid=AthenaContentPage_7998220&amp;athcgid=null&amp;athznid=ItemCarousel_ca2e4a13-4f67-49b2-8fff-eb1dc268f47b_items&amp;athieid=v0&amp;athstid=CS020&amp;athguid=NZweV7bKCjeEaERyHDHGZw0t96BAY2qGoaBn&amp;athancid=null&amp;athena=true&amp;athbdg=L1600"><span class="w_iUH7"><h3>HORMEL GATHERINGS, Hard Salami and Pepperoni with Cheese and Crackers,  28oz Deli Party Tray</h3></span></a><div class="h2 relative mv2"><span class="w_VbBP w_mFV6 w_awtt w_3oNC w_3H8O tag-leading-badge absolute">Best seller</span></div><div class="relative"><div class="relative overflow-hidden" style="max-width:226px;height:0;padding-bottom:min(226px, 100%);align-self:center;width:min(226px, 100%)"><img loading="lazy" srcset="https://i5.walmartimages.com/asr/fc50b3df-0422-4cdd-9e09-a9627b4b57ac.850f0b255414551722e35798ba0347a7.jpeg?odnHeight=226&amp;odnWidth=226&amp;odnBg=FFFFFF 1x, https://i5.walmartimages.com/asr/fc50b3df-0422-4cdd-9e09-a9627b4b57ac.850f0b255414551722e35798ba0347a7.jpeg?odnHeight=576&amp;odnWidth=576&amp;odnBg=FFFFFF 2x" src="https://i5.walmartimages.com/asr/fc50b3df-0422-4cdd-9e09-a9627b4b57ac.850f0b255414551722e35798ba0347a7.jpeg?odnHeight=576&amp;odnWidth=576&amp;odnBg=FFFFFF" width="" height="" class="absolute top-0 left-0" data-testid="productTileImage" alt="HORMEL GATHERINGS, Hard Salami and Pepperoni with Cheese and Crackers,  28oz Deli Party Tray"/></div><div class="z-2 absolute bottom--1"><div class="relative dib" data-id="21289068"><button class="w_hhLG w_8nsR w_jDfj pointer bn sans-serif b ph2 flex items-center justify-center w-auto shadow-1" type="button" data-pcss-hide="true" data-automation-id="add-to-cart" aria-label="Add to cart - HORMEL GATHERINGS, Hard Salami and Pepperoni with Cheese and Crackers,  28oz Deli Party Tray"><i class="ld ld-Plus" style="font-size:1.5rem;vertical-align:-0.25em;width:1.5rem;height:1.5rem;box-sizing:content-box" title="add to cart"></i><span class="mr2">Add</span></button></div></div></div><div class="mt5 mb0" style="height:24px" data-testid="variant-21289068"></div><div data-automation-id="product-price" class="flex flex-wrap justify-start items-center lh-title mb1-m"><div class="mr1 mr2-xl b black lh-copy f5 f4-l" aria-hidden="true">$13.98</div><span class="w_iUH7">current price $13.98</span><div class="gray mr1 f7 f6-l">49.9 ¢/oz</div></div><span class=""><span class="w_V_DM" style="-webkit-line-clamp:3;padding-bottom:0em;margin-bottom:-0em"><span data-automation-id="product-title" class="normal dark-gray mb0 mt1 lh-title f6 f5-l">HORMEL GATHERINGS, Hard Salami and Pepperoni with Cheese and Crackers,  28oz Deli Party Tray</span></span></span><div class="flex items-center mt2"><span class="black inline-flex mr1" data-testid="product-ratings" data-value="4"><i class="ld ld-StarFill" style="font-size:12px;vertical-align:-0.175em;width:12px;height:12px;box-sizing:content-box" aria-hidden="true"></i><i class="ld ld-StarFill" style="font-size:12px;vertical-align:-0.175em;width:12px;height:12px;box-sizing:content-box" aria-hidden="true"></i><i class="ld ld-StarFill" style="font-size:12px;vertical-align:-0.175em;width:12px;height:12px;box-sizing:content-box" aria-hidden="true"></i><i class="ld ld-StarFill" style="font-size:12px;vertical-align:-0.175em;width:12px;height:12px;box-sizing:content-box" aria-hidden="true"></i><i class="ld ld-Star" style="font-size:12px;vertical-align:-0.175em;width:12px;height:12px;box-sizing:content-box" aria-hidden="true"></i></span><span class="sans-serif gray f7" aria-hidden="true" data-testid="product-reviews" data-value="446">446</span><span class="w_iUH7">4 out of 5 Stars. 446 reviews</span></div><div></div><div class="mb2 mt2"><span class="w_iUH7">Available for Pickup or Delivery</span><span class="w_VbBP w_mFV6 w_I_19 w_3oNC w_AAn7 mr1 mt1 ph1" aria-hidden="true">Pickup</span><span class="w_VbBP w_mFV6 w_I_19 w_3oNC w_AAn7 mr1 mt1 ph1" aria-hidden="true">Delivery</span></div></div></li><li class="flex flex-column items-center pa1 pr2 pb2" data-slide="1"><div role="group" data-item-id="949906404" class="sans-serif mid-gray relative flex flex-column w-100 h-100 hide-child-opacity" data-testid="product-tile-1" aria-label="Product"><a link-identifier="949906404" class="absolute w-100 h-100 z-1 hide-sibling-opacity" target="" href="/ip/Sam-s-Choice-Cooked-Medium-Shrimp-Cocktail-Ring-with-Sauce-16-oz/949906404?athcpid=949906404&amp;athpgid=AthenaContentPage_7998220&amp;athcgid=null&amp;athznid=ItemCarousel_ca2e4a13-4f67-49b2-8fff-eb1dc268f47b_items&amp;athieid=v0&amp;athstid=CS020&amp;athguid=NZweV7bKCjeEaERyHDHGZw0t96BAY2qGoaBn&amp;athancid=null&amp;athena=true"><span class="w_iUH7"><h3>Sam&#39;s Choice Cooked Medium Shrimp Cocktail Ring with Sauce, 16 oz</h3></span></a><div class="h2 relative mv2"></div><div class="relative"><div class="relative overflow-hidden" style="max-width:226px;height:0;padding-bottom:min(226px, 100%);align-self:center;width:min(226px, 100%)"><img loading="lazy" srcset="https://i5.walmartimages.com/asr/7bef0524-56f9-4934-ae09-b6d95fe1c66c.6c9aa541ce9a37baa17cc4a1b0c89b46.jpeg?odnHeight=226&amp;odnWidth=226&amp;odnBg=FFFFFF 1x, https://i5.walmartimages.com/asr/7bef0524-56f9-4934-ae09-b6d95fe1c66c.6c9aa541ce9a37baa17cc4a1b0c89b46.jpeg?odnHeight=576&amp;odnWidth=576&amp;odnBg=FFFFFF 2x" src="https://i5.walmartimages.com/asr/7bef0524-56f9-4934-ae09-b6d95fe1c66c.6c9aa541ce9a37baa17cc4a1b0c89b46.jpeg?odnHeight=576&amp;odnWidth=576&amp;odnBg=FFFFFF" width="" height="" class="absolute top-0 left-0" data-testid="productTileImage" alt="Sam&#39;s Choice Cooked Medium Shrimp Cocktail Ring with Sauce, 16 oz"/></div><div class="z-2 absolute bottom--1"><div class="relative dib" data-id="949906404"><button class="w_hhLG w_8nsR w_jDfj pointer bn sans-serif b ph2 flex items-center justify-center w-auto shadow-1" type="button" data-pcss-hide="true" data-automation-id="add-to-cart" aria-label="Add to cart - Sam&#39;s Choice Cooked Medium Shrimp Cocktail Ring with Sauce, 16 oz"><i class="ld ld-Plus" style="font-size:1.5rem;vertical-align:-0.25em;width:1.5rem;height:1.5rem;box-sizing:content-box" title="add to cart"></i><span class="mr2">Add</span></button></div></div></div><div class="mt5 mb0" style="height:24px" data-testid="variant-949906404"></div><div data-automation-id="product-price" class="flex flex-wrap justify-start items-center lh-title mb1-m"><div class="mr1 mr2-xl b black lh-copy f5 f4-l" aria-hidden="true">$8.98</div><span class="w_iUH7">current price $8.98</span><div class="gray mr1 f7 f6-l">56.1 ¢/oz</div></div><span class=""><span class="w_V_DM" style="-webkit-line-clamp:3;padding-bottom:0em;margin-bottom:-0em"><span data-automation-id="product-title" class="normal dark-gray mb0 mt1 lh-title f6 f5-l">Sam&#39;s Choice Cooked Medium Shrimp Cocktail Ring with Sauce, 16 oz</span></span></span><div></div><div class="mb2 mt2"><span class="w_iUH7">Available for Pickup or Delivery</span><span class="w_VbBP w_mFV6 w_I_19 w_3oNC w_AAn7 mr1 mt1 ph1" aria-hidden="true">Pickup</span><span class="w_VbBP w_mFV6 w_I_19 w_3oNC w_AAn7 mr1 mt1 ph1" aria-hidden="true">Delivery</span></div></div></li><li class="flex flex-column items-center pa1 pr2 pb2" data-slide="2"><div role="group" data-item-id="412233306" class="sans-serif mid-gray relative flex flex-column w-100 h-100 hide-child-opacity" data-testid="product-tile-2" aria-label="Product"><a link-identifier="412233306" class="absolute w-100 h-100 z-1 hide-sibling-opacity" target="" href="/ip/Winemakers-Selection-Brut-Classic-Series-Spain-Sparkling-Wine-750-ml-Glass-ABV-11-00/412233306?athcpid=412233306&amp;athpgid=AthenaContentPage_7998220&amp;athcgid=null&amp;athznid=ItemCarousel_ca2e4a13-4f67-49b2-8fff-eb1dc268f47b_items&amp;athieid=v0&amp;athstid=CS020&amp;athguid=NZweV7bKCjeEaERyHDHGZw0t96BAY2qGoaBn&amp;athancid=null&amp;athena=true&amp;athbdg=L1600"><span class="w_iUH7"><h3>Winemakers Selection Brut Classic Series Spain Sparkling Wine , 750 ml Glass, ABV 11.00%</h3></span></a><div class="h2 relative mv2"><span class="w_VbBP w_mFV6 w_awtt w_3oNC w_3H8O tag-leading-badge absolute">Best seller</span></div><div class="relative"><div class="relative overflow-hidden" style="max-width:226px;height:0;padding-bottom:min(226px, 100%);align-self:center;width:min(226px, 100%)"><img loading="lazy" srcset="https://i5.walmartimages.com/asr/c3020cb7-6461-448c-87c6-360a13042b07.75bebdf18e3679dce256ac74753e92c0.jpeg?odnHeight=226&amp;odnWidth=226&amp;odnBg=FFFFFF 1x, https://i5.walmartimages.com/asr/c3020cb7-6461-448c-87c6-360a13042b07.75bebdf18e3679dce256ac74753e92c0.jpeg?odnHeight=576&amp;odnWidth=576&amp;odnBg=FFFFFF 2x" src="https://i5.walmartimages.com/asr/c3020cb7-6461-448c-87c6-360a13042b07.75bebdf18e3679dce256ac74753e92c0.jpeg?odnHeight=576&amp;odnWidth=576&amp;odnBg=FFFFFF" width="" height="" class="absolute top-0 left-0" data-testid="productTileImage" alt="Winemakers Selection Brut Classic Series Spain Sparkling Wine , 750 ml Glass, ABV 11.00%"/></div><div class="z-2 absolute bottom--1"><div class="relative dib" data-id="412233306"><button class="w_hhLG w_8nsR w_jDfj pointer bn sans-serif b ph2 flex items-center justify-center w-auto shadow-1" type="button" data-pcss-hide="true" data-automation-id="add-to-cart" aria-label="Add to cart - Winemakers Selection Brut Classic Series Spain Sparkling Wine , 750 ml Glass, ABV 11.00%"><i class="ld ld-Plus" style="font-size:1.5rem;vertical-align:-0.25em;width:1.5rem;height:1.5rem;box-sizing:content-box" title="add to cart"></i><span class="mr2">Add</span></button></div></div></div><div class="mt5 mb0" style="height:24px" data-testid="variant-412233306"></div><div data-automation-id="product-price" class="flex flex-wrap justify-start items-center lh-title mb1-m"><div class="mr1 mr2-xl b black lh-copy f5 f4-l" aria-hidden="true">$4.96</div><span class="w_iUH7">current price $4.96</span><div class="gray mr1 f7 f6-l">19.6 ¢/fl oz</div></div><span class=""><span class="w_V_DM" style="-webkit-line-clamp:3;padding-bottom:0em;margin-bottom:-0em"><span data-automation-id="product-title" class="normal dark-gray mb0 mt1 lh-title f6 f5-l">Winemakers Selection Brut Classic Series Spain Sparkling Wine , 750 ml Glass, ABV 11.00%</span></span></span><div class="flex items-center mt2"><span class="black inline-flex mr1" data-testid="product-ratings" data-value="4.5"><i class="ld ld-StarFill" style="font-size:12px;vertical-align:-0.175em;width:12px;height:12px;box-sizing:content-box" aria-hidden="true"></i><i class="ld ld-StarFill" style="font-size:12px;vertical-align:-0.175em;width:12px;height:12px;box-sizing:content-box" aria-hidden="true"></i><i class="ld ld-StarFill" style="font-size:12px;vertical-align:-0.175em;width:12px;height:12px;box-sizing:content-box" aria-hidden="true"></i><i class="ld ld-StarFill" style="font-size:12px;vertical-align:-0.175em;width:12px;height:12px;box-sizing:content-box" aria-hidden="true"></i><i class="ld ld-StarHalf" style="font-size:12px;vertical-align:-0.175em;width:12px;height:12px;box-sizing:content-box" aria-hidden="true"></i></span><span class="sans-serif gray f7" aria-hidden="true" data-testid="product-reviews" data-value="12">12</span><span class="w_iUH7">4.5 out of 5 Stars. 12 reviews</span></div><div></div><div class="mb2 mt2"><span class="w_iUH7">Available for Pickup or Delivery</span><span class="w_VbBP w_mFV6 w_I_19 w_3oNC w_AAn7 mr1 mt1 ph1" aria-hidden="true">Pickup</span><span class="w_VbBP w_mFV6 w_I_19 w_3oNC w_AAn7 mr1 mt1 ph1" aria-hidden="true">Delivery</span></div></div></li><li class="flex flex-column items-center pa1 pr2 pb2" data-slide="3"><div role="group" data-item-id="122347458" class="sans-serif mid-gray relative flex flex-column w-100 h-100 hide-child-opacity" data-testid="product-tile-3" aria-label="Product"><a link-identifier="122347458" class="absolute w-100 h-100 z-1 hide-sibling-opacity" target="" href="/ip/La-Marca-Prosecco-Sparkling-Wine-750ml-Glass-Bottle-Product-of-Italy/122347458?athcpid=122347458&amp;athpgid=AthenaContentPage_7998220&amp;athcgid=null&amp;athznid=ItemCarousel_ca2e4a13-4f67-49b2-8fff-eb1dc268f47b_items&amp;athieid=v0&amp;athstid=CS020&amp;athguid=NZweV7bKCjeEaERyHDHGZw0t96BAY2qGoaBn&amp;athancid=null&amp;athena=true&amp;athbdg=L1600"><span class="w_iUH7"><h3>La Marca Prosecco Sparkling Wine, 750ml Glass Bottle, Product of Italy</h3></span></a><div class="h2 relative mv2"><span class="w_VbBP w_mFV6 w_awtt w_3oNC w_3H8O tag-leading-badge absolute">Best seller</span></div><div class="relative"><div class="relative overflow-hidden" style="max-width:226px;height:0;padding-bottom:min(226px, 100%);align-self:center;width:min(226px, 100%)"><img loading="lazy" srcset="https://i5.walmartimages.com/asr/1f05f8b1-1078-4a56-a910-a63f82a01e85_1.7821bc09b28c532952352a9563ff5228.jpeg?odnHeight=226&amp;odnWidth=226&amp;odnBg=FFFFFF 1x, https://i5.walmartimages.com/asr/1f05f8b1-1078-4a56-a910-a63f82a01e85_1.7821bc09b28c532952352a9563ff5228.jpeg?odnHeight=576&amp;odnWidth=576&amp;odnBg=FFFFFF 2x" src="https://i5.walmartimages.com/asr/1f05f8b1-1078-4a56-a910-a63f82a01e85_1.7821bc09b28c532952352a9563ff5228.jpeg?odnHeight=576&amp;odnWidth=576&amp;odnBg=FFFFFF" width="" height="" class="absolute top-0 left-0" data-testid="productTileImage" alt="La Marca Prosecco Sparkling Wine, 750ml Glass Bottle, Product of Italy"/></div><div class="z-2 absolute bottom--1"><div class="relative dib" data-id="122347458"><button class="w_hhLG w_8nsR w_jDfj pointer bn sans-serif b ph2 flex items-center justify-center w-auto shadow-1" type="button" data-pcss-hide="true" data-automation-id="add-to-cart" aria-label="Add to cart - La Marca Prosecco Sparkling Wine, 750ml Glass Bottle, Product of Italy"><i class="ld ld-Plus" style="font-size:1.5rem;vertical-align:-0.25em;width:1.5rem;height:1.5rem;box-sizing:content-box" title="add to cart"></i><span class="mr2">Add</span></button></div></div></div><div class="mt5 mb0" style="height:24px" data-testid="variant-122347458"></div><div data-automation-id="product-price" class="flex flex-wrap justify-start items-center lh-title mb1-m"><div class="mr1 mr2-xl b black lh-copy f5 f4-l" aria-hidden="true">$14.98</div><span class="w_iUH7">current price $14.98</span><div class="gray mr1 f7 f6-l">59.0 ¢/fl oz</div></div><span class=""><span class="w_V_DM" style="-webkit-line-clamp:3;padding-bottom:0em;margin-bottom:-0em"><span data-automation-id="product-title" class="normal dark-gray mb0 mt1 lh-title f6 f5-l">La Marca Prosecco Sparkling Wine, 750ml Glass Bottle, Product of Italy</span></span></span><div class="flex items-center mt2"><span class="black inline-flex mr1" data-testid="product-ratings" data-value="4.8"><i class="ld ld-StarFill" style="font-size:12px;vertical-align:-0.175em;width:12px;height:12px;box-sizing:content-box" aria-hidden="true"></i><i class="ld ld-StarFill" style="font-size:12px;vertical-align:-0.175em;width:12px;height:12px;box-sizing:content-box" aria-hidden="true"></i><i class="ld ld-StarFill" style="font-size:12px;vertical-align:-0.175em;width:12px;height:12px;box-sizing:content-box" aria-hidden="true"></i><i class="ld ld-StarFill" style="font-size:12px;vertical-align:-0.175em;width:12px;height:12px;box-sizing:content-box" aria-hidden="true"></i><i class="ld ld-StarFill" style="font-size:12px;vertical-align:-0.175em;width:12px;height:12px;box-sizing:content-box" aria-hidden="true"></i></span><span class="sans-serif gray f7" aria-hidden="true" data-testid="product-reviews" data-value="392">392</span><span class="w_iUH7">4.8 out of 5 Stars. 392 reviews</span></div><div></div><div class="mb2 mt2"><span class="w_iUH7">Available for Pickup or Delivery</span><span class="w_VbBP w_mFV6 w_I_19 w_3oNC w_AAn7 mr1 mt1 ph1" aria-hidden="true">Pickup</span><span class="w_VbBP w_mFV6 w_I_19 w_3oNC w_AAn7 mr1 mt1 ph1" aria-hidden="true">Delivery</span></div></div></li><li class="flex flex-column items-center pa1 pr2 pb2" data-slide="4"><div role="group" data-item-id="21849194" class="sans-serif mid-gray relative flex flex-column w-100 h-100 hide-child-opacity" data-testid="product-tile-4" aria-label="Product"><a link-identifier="21849194" class="absolute w-100 h-100 z-1 hide-sibling-opacity" target="" href="/ip/Hebrew-National-Beef-Franks-in-a-Blanket-Meal-Hot-Dog-Snack-18-4-oz-32-Count-Frozen/21849194?athcpid=21849194&amp;athpgid=AthenaContentPage_7998220&amp;athcgid=null&amp;athznid=ItemCarousel_ca2e4a13-4f67-49b2-8fff-eb1dc268f47b_items&amp;athieid=v0&amp;athstid=CS020&amp;athguid=NZweV7bKCjeEaERyHDHGZw0t96BAY2qGoaBn&amp;athancid=null&amp;athena=true"><span class="w_iUH7"><h3>Hebrew National Beef Franks in a Blanket Meal, Hot Dog Snack, 18.4 oz, 32 Count (Frozen)</h3></span></a><div class="h2 relative mv2"></div><div class="relative"><div class="relative overflow-hidden" style="max-width:226px;height:0;padding-bottom:min(226px, 100%);align-self:center;width:min(226px, 100%)"><img loading="lazy" srcset="https://i5.walmartimages.com/asr/9e14e8d5-6528-47e6-b0b0-df4931c28ac4.20fa38fb4c91263c7faeee8d23efbbe6.jpeg?odnHeight=226&amp;odnWidth=226&amp;odnBg=FFFFFF 1x, https://i5.walmartimages.com/asr/9e14e8d5-6528-47e6-b0b0-df4931c28ac4.20fa38fb4c91263c7faeee8d23efbbe6.jpeg?odnHeight=576&amp;odnWidth=576&amp;odnBg=FFFFFF 2x" src="https://i5.walmartimages.com/asr/9e14e8d5-6528-47e6-b0b0-df4931c28ac4.20fa38fb4c91263c7faeee8d23efbbe6.jpeg?odnHeight=576&amp;odnWidth=576&amp;odnBg=FFFFFF" width="" height="" class="absolute top-0 left-0" data-testid="productTileImage" alt="Hebrew National Beef Franks in a Blanket Meal, Hot Dog Snack, 18.4 oz, 32 Count (Frozen)"/></div><div class="z-2 absolute bottom--1"><div class="relative dib" data-id="21849194"><button class="w_hhLG w_8nsR w_jDfj pointer bn sans-serif b ph2 flex items-center justify-center w-auto shadow-1" type="button" data-pcss-hide="true" data-automation-id="add-to-cart" aria-label="Add to cart - Hebrew National Beef Franks in a Blanket Meal, Hot Dog Snack, 18.4 oz, 32 Count (Frozen)"><i class="ld ld-Plus" style="font-size:1.5rem;vertical-align:-0.25em;width:1.5rem;height:1.5rem;box-sizing:content-box" title="add to cart"></i><span class="mr2">Add</span></button></div></div></div><div class="mt5 mb0" style="height:24px" data-testid="variant-21849194"></div><div data-automation-id="product-price" class="flex flex-wrap justify-start items-center lh-title mb1-m"><div class="mr1 mr2-xl b black lh-copy f5 f4-l" aria-hidden="true">$18.33</div><span class="w_iUH7">current price $18.33</span><div class="gray mr1 f7 f6-l">99.6 ¢/oz</div></div><span class=""><span class="w_V_DM" style="-webkit-line-clamp:3;padding-bottom:0em;margin-bottom:-0em"><span data-automation-id="product-title" class="normal dark-gray mb0 mt1 lh-title f6 f5-l">Hebrew National Beef Franks in a Blanket Meal, Hot Dog Snack, 18.4 oz, 32 Count (Frozen)</span></span></span><div class="flex items-center mt2"><span class="black inline-flex mr1" data-testid="product-ratings" data-value="2.9"><i class="ld ld-StarFill" style="font-size:12px;vertical-align:-0.175em;width:12px;height:12px;box-sizing:content-box" aria-hidden="true"></i><i class="ld ld-StarFill" style="font-size:12px;vertical-align:-0.175em;width:12px;height:12px;box-sizing:content-box" aria-hidden="true"></i><i class="ld ld-StarFill" style="font-size:12px;vertical-align:-0.175em;width:12px;height:12px;box-sizing:content-box" aria-hidden="true"></i><i class="ld ld-Star" style="font-size:12px;vertical-align:-0.175em;width:12px;height:12px;box-sizing:content-box" aria-hidden="true"></i><i class="ld ld-Star" style="font-size:12px;vertical-align:-0.175em;width:12px;height:12px;box-sizing:content-box" aria-hidden="true"></i></span><span class="sans-serif gray f7" aria-hidden="true" data-testid="product-reviews" data-value="92">92</span><span class="w_iUH7">2.9 out of 5 Stars. 92 reviews</span></div><div></div><div class="mb2 mt2"><span class="w_iUH7">Available for Pickup or Delivery</span><span class="w_VbBP w_mFV6 w_I_19 w_3oNC w_AAn7 mr1 mt1 ph1" aria-hidden="true">Pickup</span><span class="w_VbBP w_mFV6 w_I_19 w_3oNC w_AAn7 mr1 mt1 ph1" aria-hidden="true">Delivery</span></div></div></li><li class="flex flex-column items-center pa1 pr2 pb2" data-slide="5"><div role="group" data-item-id="168839768" class="sans-serif mid-gray relative flex flex-column w-100 h-100 hide-child-opacity" data-testid="product-tile-5" aria-label="Product"><a link-identifier="168839768" class="absolute w-100 h-100 z-1 hide-sibling-opacity" target="" href="/ip/Great-Value-Frozen-Ready-to-Cook-Shrimp-Seafood-Breaded-Butterfly-2lb-per-Pack-1-Pack-Each/168839768?athcpid=168839768&amp;athpgid=AthenaContentPage_7998220&amp;athcgid=null&amp;athznid=ItemCarousel_ca2e4a13-4f67-49b2-8fff-eb1dc268f47b_items&amp;athieid=v0&amp;athstid=CS020&amp;athguid=NZweV7bKCjeEaERyHDHGZw0t96BAY2qGoaBn&amp;athancid=null&amp;athena=true"><span class="w_iUH7"><h3>Great Value Frozen Ready to Cook Shrimp Seafood Breaded Butterfly (2lb per Pack, 1 Pack Each)</h3></span></a><div class="h2 relative mv2"></div><div class="relative"><div class="relative overflow-hidden" style="max-width:226px;height:0;padding-bottom:min(226px, 100%);align-self:center;width:min(226px, 100%)"><img loading="lazy" srcset="https://i5.walmartimages.com/asr/735aa51f-ffb6-4d30-b1b4-8d7d5122ab27.8af70a5887e8db2084060dacfc98f606.jpeg?odnHeight=226&amp;odnWidth=226&amp;odnBg=FFFFFF 1x, https://i5.walmartimages.com/asr/735aa51f-ffb6-4d30-b1b4-8d7d5122ab27.8af70a5887e8db2084060dacfc98f606.jpeg?odnHeight=576&amp;odnWidth=576&amp;odnBg=FFFFFF 2x" src="https://i5.walmartimages.com/asr/735aa51f-ffb6-4d30-b1b4-8d7d5122ab27.8af70a5887e8db2084060dacfc98f606.jpeg?odnHeight=576&amp;odnWidth=576&amp;odnBg=FFFFFF" width="" height="" class="absolute top-0 left-0" data-testid="productTileImage" alt="Great Value Frozen Ready to Cook Shrimp Seafood Breaded Butterfly (2lb per Pack, 1 Pack Each)"/></div><div class="z-2 absolute bottom--1"><div class="relative dib" data-id="168839768"><button class="w_hhLG w_8nsR w_jDfj pointer bn sans-serif b ph2 flex items-center justify-center w-auto shadow-1" type="button" data-pcss-hide="true" data-automation-id="add-to-cart" aria-label="Add to cart - Great Value Frozen Ready to Cook Shrimp Seafood Breaded Butterfly (2lb per Pack, 1 Pack Each)"><i class="ld ld-Plus" style="font-size:1.5rem;vertical-align:-0.25em;width:1.5rem;height:1.5rem;box-sizing:content-box" title="add to cart"></i><span class="mr2">Add</span></button></div></div></div><div class="mt5 mb0" style="height:24px" data-testid="variant-168839768"></div><div data-automation-id="product-price" class="flex flex-wrap justify-start items-center lh-title mb1-m"><div class="mr1 mr2-xl b black lh-copy f5 f4-l" aria-hidden="true">$11.94</div><span class="w_iUH7">current price $11.94</span><div class="gray mr1 f7 f6-l">37.3 ¢/oz</div></div><span class=""><span class="w_V_DM" style="-webkit-line-clamp:3;padding-bottom:0em;margin-bottom:-0em"><span data-automation-id="product-title" class="normal dark-gray mb0 mt1 lh-title f6 f5-l">Great Value Frozen Ready to Cook Shrimp Seafood Breaded Butterfly (2lb per Pack, 1 Pack Each)</span></span></span><div></div><div class="mb2 mt2"><span class="w_iUH7">Available for Pickup or Delivery</span><span class="w_VbBP w_mFV6 w_I_19 w_3oNC w_AAn7 mr1 mt1 ph1" aria-hidden="true">Pickup</span><span class="w_VbBP w_mFV6 w_I_19 w_3oNC w_AAn7 mr1 mt1 ph1" aria-hidden="true">Delivery</span></div></div></li><li class="flex flex-column items-center pa1 pr2 pb2" data-slide="6"><div role="group" data-item-id="14336389" class="sans-serif mid-gray relative flex flex-column w-100 h-100 hide-child-opacity" data-testid="product-tile-6" aria-label="Product"><a link-identifier="14336389" class="absolute w-100 h-100 z-1 hide-sibling-opacity" target="" href="/ip/Great-Value-Fully-Cooked-Homestyle-Meatballs-32-oz-Frozen/14336389?athcpid=14336389&amp;athpgid=AthenaContentPage_7998220&amp;athcgid=null&amp;athznid=ItemCarousel_ca2e4a13-4f67-49b2-8fff-eb1dc268f47b_items&amp;athieid=v0&amp;athstid=CS020&amp;athguid=NZweV7bKCjeEaERyHDHGZw0t96BAY2qGoaBn&amp;athancid=null&amp;athena=true&amp;athbdg=L1600"><span class="w_iUH7"><h3>Great Value Fully Cooked Homestyle Meatballs, 32 oz (Frozen)</h3></span></a><div class="h2 relative mv2"><span class="w_VbBP w_mFV6 w_awtt w_3oNC w_3H8O tag-leading-badge absolute">Best seller</span></div><div class="relative"><div class="relative overflow-hidden" style="max-width:226px;height:0;padding-bottom:min(226px, 100%);align-self:center;width:min(226px, 100%)"><img loading="lazy" srcset="https://i5.walmartimages.com/asr/78ac8e32-05e0-4b8b-99be-1fb45dacdc5a.dd6fd03d2f14da7ad2e0da3ea4d48ff1.jpeg?odnHeight=226&amp;odnWidth=226&amp;odnBg=FFFFFF 1x, https://i5.walmartimages.com/asr/78ac8e32-05e0-4b8b-99be-1fb45dacdc5a.dd6fd03d2f14da7ad2e0da3ea4d48ff1.jpeg?odnHeight=576&amp;odnWidth=576&amp;odnBg=FFFFFF 2x" src="https://i5.walmartimages.com/asr/78ac8e32-05e0-4b8b-99be-1fb45dacdc5a.dd6fd03d2f14da7ad2e0da3ea4d48ff1.jpeg?odnHeight=576&amp;odnWidth=576&amp;odnBg=FFFFFF" width="" height="" class="absolute top-0 left-0" data-testid="productTileImage" alt="Great Value Fully Cooked Homestyle Meatballs, 32 oz (Frozen)"/></div><div class="z-2 absolute bottom--1"><div class="relative dib" data-id="14336389"><button class="w_hhLG w_8nsR w_jDfj pointer bn sans-serif b ph2 flex items-center justify-center w-auto shadow-1" type="button" data-pcss-hide="true" data-automation-id="add-to-cart" aria-label="Add to cart - Great Value Fully Cooked Homestyle Meatballs, 32 oz (Frozen)"><i class="ld ld-Plus" style="font-size:1.5rem;vertical-align:-0.25em;width:1.5rem;height:1.5rem;box-sizing:content-box" title="add to cart"></i><span class="mr2">Add</span></button></div></div></div><div class="mt5 mb0" style="height:24px" data-testid="variant-14336389"></div><div data-automation-id="product-price" class="flex flex-wrap justify-start items-center lh-title mb1-m"><div class="mr1 mr2-xl b black lh-copy f5 f4-l" aria-hidden="true">$7.32</div><span class="w_iUH7">current price $7.32</span><div class="gray mr1 f7 f6-l">22.9 ¢/oz</div></div><span class=""><span class="w_V_DM" style="-webkit-line-clamp:3;padding-bottom:0em;margin-bottom:-0em"><span data-automation-id="product-title" class="normal dark-gray mb0 mt1 lh-title f6 f5-l">Great Value Fully Cooked Homestyle Meatballs, 32 oz (Frozen)</span></span></span><div></div><div class="mb2 mt2"><span class="w_iUH7">Available for Pickup or Delivery</span><span class="w_VbBP w_mFV6 w_I_19 w_3oNC w_AAn7 mr1 mt1 ph1" aria-hidden="true">Pickup</span><span class="w_VbBP w_mFV6 w_I_19 w_3oNC w_AAn7 mr1 mt1 ph1" aria-hidden="true">Delivery</span></div></div></li><li class="flex flex-column items-center pa1 pr2 pb2" data-slide="7"><div role="group" data-item-id="37915367" class="sans-serif mid-gray relative flex flex-column w-100 h-100 hide-child-opacity" data-testid="product-tile-7" aria-label="Product"><a link-identifier="37915367" class="absolute w-100 h-100 z-1 hide-sibling-opacity" target="" href="/ip/Marketside-Premium-Heatable-Spinach-Artichoke-Dip-Small-Tub-16-oz-1-Count/37915367?athcpid=37915367&amp;athpgid=AthenaContentPage_7998220&amp;athcgid=null&amp;athznid=ItemCarousel_ca2e4a13-4f67-49b2-8fff-eb1dc268f47b_items&amp;athieid=v0&amp;athstid=CS020&amp;athguid=NZweV7bKCjeEaERyHDHGZw0t96BAY2qGoaBn&amp;athancid=null&amp;athena=true&amp;athbdg=L1600"><span class="w_iUH7"><h3>Marketside Premium Heatable Spinach Artichoke Dip Small Tub (16 oz, 1 Count)</h3></span></a><div class="h2 relative mv2"><span class="w_VbBP w_mFV6 w_awtt w_3oNC w_3H8O tag-leading-badge absolute">Best seller</span></div><div class="relative"><div class="relative overflow-hidden" style="max-width:226px;height:0;padding-bottom:min(226px, 100%);align-self:center;width:min(226px, 100%)"><img loading="lazy" srcset="https://i5.walmartimages.com/asr/6a6978ed-82bc-4cee-ad4d-93160401d4a1.09744ac48acfc99eb0d291af0ad10476.jpeg?odnHeight=226&amp;odnWidth=226&amp;odnBg=FFFFFF 1x, https://i5.walmartimages.com/asr/6a6978ed-82bc-4cee-ad4d-93160401d4a1.09744ac48acfc99eb0d291af0ad10476.jpeg?odnHeight=576&amp;odnWidth=576&amp;odnBg=FFFFFF 2x" src="https://i5.walmartimages.com/asr/6a6978ed-82bc-4cee-ad4d-93160401d4a1.09744ac48acfc99eb0d291af0ad10476.jpeg?odnHeight=576&amp;odnWidth=576&amp;odnBg=FFFFFF" width="" height="" class="absolute top-0 left-0" data-testid="productTileImage" alt="Marketside Premium Heatable Spinach Artichoke Dip Small Tub (16 oz, 1 Count)"/></div><div class="z-2 absolute bottom--1"><div class="relative dib" data-id="37915367"><button class="w_hhLG w_8nsR w_jDfj pointer bn sans-serif b ph2 flex items-center justify-center w-auto shadow-1" type="button" data-pcss-hide="true" data-automation-id="add-to-cart" aria-label="Add to cart - Marketside Premium Heatable Spinach Artichoke Dip Small Tub (16 oz, 1 Count)"><i class="ld ld-Plus" style="font-size:1.5rem;vertical-align:-0.25em;width:1.5rem;height:1.5rem;box-sizing:content-box" title="add to cart"></i><span class="mr2">Add</span></button></div></div></div><div class="mt5 mb0" style="height:24px" data-testid="variant-37915367"></div><div data-automation-id="product-price" class="flex flex-wrap justify-start items-center lh-title mb1-m"><div class="mr1 mr2-xl b black lh-copy f5 f4-l" aria-hidden="true">$5.54</div><span class="w_iUH7">current price $5.54</span><div class="gray mr1 f7 f6-l">34.6 ¢/oz</div></div><span class=""><span class="w_V_DM" style="-webkit-line-clamp:3;padding-bottom:0em;margin-bottom:-0em"><span data-automation-id="product-title" class="normal dark-gray mb0 mt1 lh-title f6 f5-l">Marketside Premium Heatable Spinach Artichoke Dip Small Tub (16 oz, 1 Count)</span></span></span><div class="flex items-center mt2"><span class="black inline-flex mr1" data-testid="product-ratings" data-value="3.7"><i class="ld ld-StarFill" style="font-size:12px;vertical-align:-0.175em;width:12px;height:12px;box-sizing:content-box" aria-hidden="true"></i><i class="ld ld-StarFill" style="font-size:12px;vertical-align:-0.175em;width:12px;height:12px;box-sizing:content-box" aria-hidden="true"></i><i class="ld ld-StarFill" style="font-size:12px;vertical-align:-0.175em;width:12px;height:12px;box-sizing:content-box" aria-hidden="true"></i><i class="ld ld-StarHalf" style="font-size:12px;vertical-align:-0.175em;width:12px;height:12px;box-sizing:content-box" aria-hidden="true"></i><i class="ld ld-Star" style="font-size:12px;vertical-align:-0.175em;width:12px;height:12px;box-sizing:content-box" aria-hidden="true"></i></span><span class="sans-serif gray f7" aria-hidden="true" data-testid="product-reviews" data-value="299">299</span><span class="w_iUH7">3.7 out of 5 Stars. 299 reviews</span></div><div></div><div class="mb2 mt2"><span class="w_iUH7">Available for Pickup or Delivery</span><span class="w_VbBP w_mFV6 w_I_19 w_3oNC w_AAn7 mr1 mt1 ph1" aria-hidden="true">Pickup</span><span class="w_VbBP w_mFV6 w_I_19 w_3oNC w_AAn7 mr1 mt1 ph1" aria-hidden="true">Delivery</span></div></div></li><li class="flex flex-column items-center pa1 pr2 pb2" data-slide="8"><div role="group" data-item-id="238970332" class="sans-serif mid-gray relative flex flex-column w-100 h-100 hide-child-opacity" data-testid="product-tile-8" aria-label="Product"><a link-identifier="238970332" class="absolute w-100 h-100 z-1 hide-sibling-opacity" target="" href="/ip/Freshness-Guaranteed-Sliced-Plain-French-Bread-14-oz/238970332?athcpid=238970332&amp;athpgid=AthenaContentPage_7998220&amp;athcgid=null&amp;athznid=ItemCarousel_ca2e4a13-4f67-49b2-8fff-eb1dc268f47b_items&amp;athieid=v0&amp;athstid=CS020&amp;athguid=NZweV7bKCjeEaERyHDHGZw0t96BAY2qGoaBn&amp;athancid=null&amp;athena=true&amp;athbdg=L1600"><span class="w_iUH7"><h3>Freshness Guaranteed Sliced Plain French Bread, 14 oz</h3></span></a><div class="h2 relative mv2"><span class="w_VbBP w_mFV6 w_awtt w_3oNC w_3H8O tag-leading-badge absolute">Best seller</span></div><div class="relative"><div class="relative overflow-hidden" style="max-width:226px;height:0;padding-bottom:min(226px, 100%);align-self:center;width:min(226px, 100%)"><img loading="lazy" srcset="https://i5.walmartimages.com/asr/b7d1b78e-2d49-4587-b1ec-cbbf56332577.b59ac37f531b8d19b7bde026909d5088.jpeg?odnHeight=226&amp;odnWidth=226&amp;odnBg=FFFFFF 1x, https://i5.walmartimages.com/asr/b7d1b78e-2d49-4587-b1ec-cbbf56332577.b59ac37f531b8d19b7bde026909d5088.jpeg?odnHeight=576&amp;odnWidth=576&amp;odnBg=FFFFFF 2x" src="https://i5.walmartimages.com/asr/b7d1b78e-2d49-4587-b1ec-cbbf56332577.b59ac37f531b8d19b7bde026909d5088.jpeg?odnHeight=576&amp;odnWidth=576&amp;odnBg=FFFFFF" width="" height="" class="absolute top-0 left-0" data-testid="productTileImage" alt="Freshness Guaranteed Sliced Plain French Bread, 14 oz"/></div><div class="z-2 absolute bottom--1"><div class="relative dib" data-id="238970332"><button class="w_hhLG w_8nsR w_jDfj pointer bn sans-serif b ph2 flex items-center justify-center w-auto shadow-1" type="button" data-pcss-hide="true" data-automation-id="add-to-cart" aria-label="Add to cart - Freshness Guaranteed Sliced Plain French Bread, 14 oz"><i class="ld ld-Plus" style="font-size:1.5rem;vertical-align:-0.25em;width:1.5rem;height:1.5rem;box-sizing:content-box" title="add to cart"></i><span class="mr2">Add</span></button></div></div></div><div class="mt5 mb0" style="height:24px" data-testid="variant-238970332"></div><div data-automation-id="product-price" class="flex flex-wrap justify-start items-center lh-title mb1-m"><div class="mr1 mr2-xl b black lh-copy f5 f4-l" aria-hidden="true">$1.47</div><span class="w_iUH7">current price $1.47</span><div class="gray mr1 f7 f6-l">10.5 ¢/oz</div></div><span class=""><span class="w_V_DM" style="-webkit-line-clamp:3;padding-bottom:0em;margin-bottom:-0em"><span data-automation-id="product-title" class="normal dark-gray mb0 mt1 lh-title f6 f5-l">Freshness Guaranteed Sliced Plain French Bread, 14 oz</span></span></span><div class="flex items-center mt2"><span class="black inline-flex mr1" data-testid="product-ratings" data-value="3.4"><i class="ld ld-StarFill" style="font-size:12px;vertical-align:-0.175em;width:12px;height:12px;box-sizing:content-box" aria-hidden="true"></i><i class="ld ld-StarFill" style="font-size:12px;vertical-align:-0.175em;width:12px;height:12px;box-sizing:content-box" aria-hidden="true"></i><i class="ld ld-StarFill" style="font-size:12px;vertical-align:-0.175em;width:12px;height:12px;box-sizing:content-box" aria-hidden="true"></i><i class="ld ld-StarHalf" style="font-size:12px;vertical-align:-0.175em;width:12px;height:12px;box-sizing:content-box" aria-hidden="true"></i><i class="ld ld-Star" style="font-size:12px;vertical-align:-0.175em;width:12px;height:12px;box-sizing:content-box" aria-hidden="true"></i></span><span class="sans-serif gray f7" aria-hidden="true" data-testid="product-reviews" data-value="286">286</span><span class="w_iUH7">3.4 out of 5 Stars. 286 reviews</span></div><div></div><div class="mb2 mt2"><span class="w_iUH7">Available for Pickup or Delivery</span><span class="w_VbBP w_mFV6 w_I_19 w_3oNC w_AAn7 mr1 mt1 ph1" aria-hidden="true">Pickup</span><span class="w_VbBP w_mFV6 w_I_19 w_3oNC w_AAn7 mr1 mt1 ph1" aria-hidden="true">Delivery</span></div></div></li><li class="flex flex-column items-center pa1 pr2 pb2" data-slide="9"><div role="group" data-item-id="10307749" class="sans-serif mid-gray relative flex flex-column w-100 h-100 hide-child-opacity" data-testid="product-tile-9" aria-label="Product"><a link-identifier="10307749" class="absolute w-100 h-100 z-1 hide-sibling-opacity" target="" href="/ip/Martinelli-s-Gold-Medal-Sparkling-Apple-Cider-with-100-Pure-Juice-25-4-fl-oz/10307749?athcpid=10307749&amp;athpgid=AthenaContentPage_7998220&amp;athcgid=null&amp;athznid=ItemCarousel_ca2e4a13-4f67-49b2-8fff-eb1dc268f47b_items&amp;athieid=v0&amp;athstid=CS020&amp;athguid=NZweV7bKCjeEaERyHDHGZw0t96BAY2qGoaBn&amp;athancid=null&amp;athena=true"><span class="w_iUH7"><h3>Martinelli&#39;s Gold Medal Sparkling Apple Cider with 100% Pure Juice, 25.4 fl oz</h3></span></a><div class="h2 relative mv2"></div><div class="relative"><div class="relative overflow-hidden" style="max-width:226px;height:0;padding-bottom:min(226px, 100%);align-self:center;width:min(226px, 100%)"><img loading="lazy" srcset="https://i5.walmartimages.com/seo/Martinelli-s-Gold-Medal-Sparkling-Apple-Cider-with-100-Pure-Juice-25-4-fl-oz_0e095149-2795-4d7e-8b05-e3608fb0467b_1.e1be18905f751f72ba45a7048175606c.jpeg?odnHeight=226&amp;odnWidth=226&amp;odnBg=FFFFFF 1x, https://i5.walmartimages.com/seo/Martinelli-s-Gold-Medal-Sparkling-Apple-Cider-with-100-Pure-Juice-25-4-fl-oz_0e095149-2795-4d7e-8b05-e3608fb0467b_1.e1be18905f751f72ba45a7048175606c.jpeg?odnHeight=576&amp;odnWidth=576&amp;odnBg=FFFFFF 2x" src="https://i5.walmartimages.com/seo/Martinelli-s-Gold-Medal-Sparkling-Apple-Cider-with-100-Pure-Juice-25-4-fl-oz_0e095149-2795-4d7e-8b05-e3608fb0467b_1.e1be18905f751f72ba45a7048175606c.jpeg?odnHeight=576&amp;odnWidth=576&amp;odnBg=FFFFFF" width="" height="" class="absolute top-0 left-0" data-testid="productTileImage" alt="Martinelli&#39;s Gold Medal Sparkling Apple Cider with 100% Pure Juice, 25.4 fl oz"/></div><div class="z-2 absolute bottom--1 w-60"><div class="relative dib" data-id="10307749"><a class="w_hhLG w_8nsR w_jDfj pointer bn sans-serif b ph2 flex items-center justify-center w-auto shadow-1" href="/ip/Martinelli-s-Gold-Medal-Sparkling-Apple-Cider-with-100-Pure-Juice-25-4-fl-oz/10307749?athcpid=10307749&amp;athpgid=AthenaContentPage_7998220&amp;athcgid=null&amp;athznid=ItemCarousel_ca2e4a13-4f67-49b2-8fff-eb1dc268f47b_items&amp;athieid=v0&amp;athstid=CS020&amp;athguid=NZweV7bKCjeEaERyHDHGZw0t96BAY2qGoaBn&amp;athancid=null&amp;athena=true" data-pcss-hide="true" aria-label="Options - Martinelli&#39;s Gold Medal Sparkling Apple Cider with 100% Pure Juice, 25.4 fl oz"><span class="mh2">Options</span></a></div></div></div><div class="mt5 mb0" style="height:24px" data-testid="variant-10307749"></div><div data-automation-id="product-price" class="flex flex-wrap justify-start items-center lh-title mb0"><div class="mr1 mr2-xl b black lh-copy f5 f4-l" aria-hidden="true">$3.63</div><span class="w_iUH7">current price $3.63</span></div><div class="f7 f6-l mb2 mb3-l black">Options from $3.63 – $14.72</div><span class=""><span class="w_V_DM" style="-webkit-line-clamp:3;padding-bottom:0em;margin-bottom:-0em"><span data-automation-id="product-title" class="normal dark-gray mb0 mt1 lh-title f6 f5-l">Martinelli&#39;s Gold Medal Sparkling Apple Cider with 100% Pure Juice, 25.4 fl oz</span></span></span><div class="flex items-center mt2"><span class="black inline-flex mr1" data-testid="product-ratings" data-value="4.5"><i class="ld ld-StarFill" style="font-size:12px;vertical-align:-0.175em;width:12px;height:12px;box-sizing:content-box" aria-hidden="true"></i><i class="ld ld-StarFill" style="font-size:12px;vertical-align:-0.175em;width:12px;height:12px;box-sizing:content-box" aria-hidden="true"></i><i class="ld ld-StarFill" style="font-size:12px;vertical-align:-0.175em;width:12px;height:12px;box-sizing:content-box" aria-hidden="true"></i><i class="ld ld-StarFill" style="font-size:12px;vertical-align:-0.175em;width:12px;height:12px;box-sizing:content-box" aria-hidden="true"></i><i class="ld ld-StarHalf" style="font-size:12px;vertical-align:-0.175em;width:12px;height:12px;box-sizing:content-box" aria-hidden="true"></i></span><span class="sans-serif gray f7" aria-hidden="true" data-testid="product-reviews" data-value="286">286</span><span class="w_iUH7">4.5 out of 5 Stars. 286 reviews</span></div><div></div><div class="mb2 mt2"><span class="w_iUH7">Available for Pickup or Delivery</span><span class="w_VbBP w_mFV6 w_I_19 w_3oNC w_AAn7 mr1 mt1 ph1" aria-hidden="true">Pickup</span><span class="w_VbBP w_mFV6 w_I_19 w_3oNC w_AAn7 mr1 mt1 ph1" aria-hidden="true">Delivery</span></div></div></li><li class="flex flex-column items-center pa1 pr2 pb2" data-slide="10"><div role="group" data-item-id="12166388" class="sans-serif mid-gray relative flex flex-column w-100 h-100 hide-child-opacity" data-testid="product-tile-10" aria-label="Product"><a link-identifier="12166388" class="absolute w-100 h-100 z-1 hide-sibling-opacity" target="" href="/ip/Ocean-Spray-Cranberry-Grape-Juice-Drink-64-Fl-Oz/12166388?athcpid=12166388&amp;athpgid=AthenaContentPage_7998220&amp;athcgid=null&amp;athznid=ItemCarousel_ca2e4a13-4f67-49b2-8fff-eb1dc268f47b_items&amp;athieid=v0&amp;athstid=CS020&amp;athguid=NZweV7bKCjeEaERyHDHGZw0t96BAY2qGoaBn&amp;athancid=null&amp;athena=true&amp;athbdg=L1600"><span class="w_iUH7"><h3>Ocean Spray Cranberry Grape Juice Drink, 64 Fl. Oz.</h3></span></a><div class="h2 relative mv2"><span class="w_VbBP w_mFV6 w_awtt w_3oNC w_3H8O tag-leading-badge absolute">Best seller</span></div><div class="relative"><div class="relative overflow-hidden" style="max-width:226px;height:0;padding-bottom:min(226px, 100%);align-self:center;width:min(226px, 100%)"><img loading="lazy" srcset="https://i5.walmartimages.com/asr/51ca11bb-e061-462d-ab56-ec5b9cee5f5e_2.dae74c0de196d0be251d8ba01c21b548.jpeg?odnHeight=226&amp;odnWidth=226&amp;odnBg=FFFFFF 1x, https://i5.walmartimages.com/asr/51ca11bb-e061-462d-ab56-ec5b9cee5f5e_2.dae74c0de196d0be251d8ba01c21b548.jpeg?odnHeight=576&amp;odnWidth=576&amp;odnBg=FFFFFF 2x" src="https://i5.walmartimages.com/asr/51ca11bb-e061-462d-ab56-ec5b9cee5f5e_2.dae74c0de196d0be251d8ba01c21b548.jpeg?odnHeight=576&amp;odnWidth=576&amp;odnBg=FFFFFF" width="" height="" class="absolute top-0 left-0" data-testid="productTileImage" alt="Ocean Spray Cranberry Grape Juice Drink, 64 Fl. Oz."/></div><div class="z-2 absolute bottom--1"><div class="relative dib" data-id="12166388"><button class="w_hhLG w_8nsR w_jDfj pointer bn sans-serif b ph2 flex items-center justify-center w-auto shadow-1" type="button" data-pcss-hide="true" data-automation-id="add-to-cart" aria-label="Add to cart - Ocean Spray Cranberry Grape Juice Drink, 64 Fl. Oz."><i class="ld ld-Plus" style="font-size:1.5rem;vertical-align:-0.25em;width:1.5rem;height:1.5rem;box-sizing:content-box" title="add to cart"></i><span class="mr2">Add</span></button></div></div></div><div class="mt5 mb0" style="height:24px" data-testid="variant-12166388"></div><div data-automation-id="product-price" class="flex flex-wrap justify-start items-center lh-title mb1-m"><div class="mr1 mr2-xl b black lh-copy f5 f4-l" aria-hidden="true">$3.36</div><span class="w_iUH7">current price $3.36</span><div class="gray mr1 f7 f6-l">5.3 ¢/fl oz</div></div><span class=""><span class="w_V_DM" style="-webkit-line-clamp:3;padding-bottom:0em;margin-bottom:-0em"><span data-automation-id="product-title" class="normal dark-gray mb0 mt1 lh-title f6 f5-l">Ocean Spray Cranberry Grape Juice Drink, 64 Fl. Oz.</span></span></span><div class="flex items-center mt2"><span class="black inline-flex mr1" data-testid="product-ratings" data-value="4.4"><i class="ld ld-StarFill" style="font-size:12px;vertical-align:-0.175em;width:12px;height:12px;box-sizing:content-box" aria-hidden="true"></i><i class="ld ld-StarFill" style="font-size:12px;vertical-align:-0.175em;width:12px;height:12px;box-sizing:content-box" aria-hidden="true"></i><i class="ld ld-StarFill" style="font-size:12px;vertical-align:-0.175em;width:12px;height:12px;box-sizing:content-box" aria-hidden="true"></i><i class="ld ld-StarFill" style="font-size:12px;vertical-align:-0.175em;width:12px;height:12px;box-sizing:content-box" aria-hidden="true"></i><i class="ld ld-StarHalf" style="font-size:12px;vertical-align:-0.175em;width:12px;height:12px;box-sizing:content-box" aria-hidden="true"></i></span><span class="sans-serif gray f7" aria-hidden="true" data-testid="product-reviews" data-value="456">456</span><span class="w_iUH7">4.4 out of 5 Stars. 456 reviews</span></div><div></div><div class="mb2 mt2"><span class="w_iUH7">Available for Pickup or Delivery</span><span class="w_VbBP w_mFV6 w_I_19 w_3oNC w_AAn7 mr1 mt1 ph1" aria-hidden="true">Pickup</span><span class="w_VbBP w_mFV6 w_I_19 w_3oNC w_AAn7 mr1 mt1 ph1" aria-hidden="true">Delivery</span></div></div></li><li class="flex flex-column items-center pa1 pr2 pb2" data-slide="11"><div role="group" data-item-id="3772509186" class="sans-serif mid-gray relative flex flex-column w-100 h-100 hide-child-opacity" data-testid="product-tile-11" aria-label="Product"><a link-identifier="3772509186" class="absolute w-100 h-100 z-1 hide-sibling-opacity" target="" href="/ip/FARM-RICH-BREADED-MOZZARELLA-STICKS/3772509186?athcpid=3772509186&amp;athpgid=AthenaContentPage_7998220&amp;athcgid=null&amp;athznid=ItemCarousel_ca2e4a13-4f67-49b2-8fff-eb1dc268f47b_items&amp;athieid=v0&amp;athstid=CS020&amp;athguid=NZweV7bKCjeEaERyHDHGZw0t96BAY2qGoaBn&amp;athancid=null&amp;athena=true"><span class="w_iUH7"><h3>FARM RICH BREADED MOZZARELLA STICKS</h3></span></a><div class="h2 relative mv2"></div><div class="relative"><div class="relative overflow-hidden" style="max-width:226px;height:0;padding-bottom:min(226px, 100%);align-self:center;width:min(226px, 100%)"><img loading="lazy" srcset="https://i5.walmartimages.com/asr/248834e4-6ad9-4808-a8db-663b0a399cce.68ebb3ecd680a727ca03457c45fa731e.jpeg?odnHeight=226&amp;odnWidth=226&amp;odnBg=FFFFFF 1x, https://i5.walmartimages.com/asr/248834e4-6ad9-4808-a8db-663b0a399cce.68ebb3ecd680a727ca03457c45fa731e.jpeg?odnHeight=576&amp;odnWidth=576&amp;odnBg=FFFFFF 2x" src="https://i5.walmartimages.com/asr/248834e4-6ad9-4808-a8db-663b0a399cce.68ebb3ecd680a727ca03457c45fa731e.jpeg?odnHeight=576&amp;odnWidth=576&amp;odnBg=FFFFFF" width="" height="" class="absolute top-0 left-0" data-testid="productTileImage" alt="FARM RICH BREADED MOZZARELLA STICKS"/></div><div class="z-2 absolute bottom--1"><div class="relative dib" data-id="3772509186"><button class="w_hhLG w_8nsR w_jDfj pointer bn sans-serif b ph2 flex items-center justify-center w-auto shadow-1" type="button" data-pcss-hide="true" data-automation-id="add-to-cart" aria-label="Add to cart - FARM RICH BREADED MOZZARELLA STICKS"><i class="ld ld-Plus" style="font-size:1.5rem;vertical-align:-0.25em;width:1.5rem;height:1.5rem;box-sizing:content-box" title="add to cart"></i><span class="mr2">Add</span></button></div></div></div><div class="mt5 mb0" style="height:24px" data-testid="variant-3772509186"></div><div data-automation-id="product-price" class="flex flex-wrap justify-start items-center lh-title mb1-m"><div class="mr1 mr2-xl b black lh-copy f5 f4-l" aria-hidden="true">$11.98</div><span class="w_iUH7">current price $11.98</span><div class="gray mr1 f7 f6-l">25.0 ¢/oz</div></div><span class=""><span class="w_V_DM" style="-webkit-line-clamp:3;padding-bottom:0em;margin-bottom:-0em"><span data-automation-id="product-title" class="normal dark-gray mb0 mt1 lh-title f6 f5-l">FARM RICH BREADED MOZZARELLA STICKS</span></span></span><div class="flex items-center mt2"><span class="black inline-flex mr1" data-testid="product-ratings" data-value="2.9"><i class="ld ld-StarFill" style="font-size:12px;vertical-align:-0.175em;width:12px;height:12px;box-sizing:content-box" aria-hidden="true"></i><i class="ld ld-StarFill" style="font-size:12px;vertical-align:-0.175em;width:12px;height:12px;box-sizing:content-box" aria-hidden="true"></i><i class="ld ld-StarFill" style="font-size:12px;vertical-align:-0.175em;width:12px;height:12px;box-sizing:content-box" aria-hidden="true"></i><i class="ld ld-Star" style="font-size:12px;vertical-align:-0.175em;width:12px;height:12px;box-sizing:content-box" aria-hidden="true"></i><i class="ld ld-Star" style="font-size:12px;vertical-align:-0.175em;width:12px;height:12px;box-sizing:content-box" aria-hidden="true"></i></span><span class="sans-serif gray f7" aria-hidden="true" data-testid="product-reviews" data-value="16">16</span><span class="w_iUH7">2.9 out of 5 Stars. 16 reviews</span></div><div></div><div class="mb2 mt2"><span class="w_iUH7">Available for Pickup or Delivery</span><span class="w_VbBP w_mFV6 w_I_19 w_3oNC w_AAn7 mr1 mt1 ph1" aria-hidden="true">Pickup</span><span class="w_VbBP w_mFV6 w_I_19 w_3oNC w_AAn7 mr1 mt1 ph1" aria-hidden="true">Delivery</span></div></div></li><li class="flex flex-column items-center pa1 pr2 pb2" data-slide="12"><div role="group" data-item-id="16940282" class="sans-serif mid-gray relative flex flex-column w-100 h-100 hide-child-opacity" data-testid="product-tile-12" aria-label="Product"><a link-identifier="16940282" class="absolute w-100 h-100 z-1 hide-sibling-opacity" target="" href="/ip/HORMEL-GATHERINGS-Honey-Ham-and-Turkey-with-Cheese-and-Crackers-Deli-Party-28-oz-Plastic-Tray/16940282?athcpid=16940282&amp;athpgid=AthenaContentPage_7998220&amp;athcgid=null&amp;athznid=ItemCarousel_ca2e4a13-4f67-49b2-8fff-eb1dc268f47b_items&amp;athieid=v0&amp;athstid=CS020&amp;athguid=NZweV7bKCjeEaERyHDHGZw0t96BAY2qGoaBn&amp;athancid=null&amp;athena=true"><span class="w_iUH7"><h3>HORMEL GATHERINGS, Honey Ham and Turkey with Cheese and Crackers, Deli Party, 28 oz Plastic Tray</h3></span></a><div class="h2 relative mv2"></div><div class="relative"><div class="relative overflow-hidden" style="max-width:226px;height:0;padding-bottom:min(226px, 100%);align-self:center;width:min(226px, 100%)"><img loading="lazy" srcset="https://i5.walmartimages.com/asr/b6a0db3e-69f1-4418-9fc1-5b46f95246ba.2be32aeeec4eb3eee985ae6c892a8df2.jpeg?odnHeight=226&amp;odnWidth=226&amp;odnBg=FFFFFF 1x, https://i5.walmartimages.com/asr/b6a0db3e-69f1-4418-9fc1-5b46f95246ba.2be32aeeec4eb3eee985ae6c892a8df2.jpeg?odnHeight=576&amp;odnWidth=576&amp;odnBg=FFFFFF 2x" src="https://i5.walmartimages.com/asr/b6a0db3e-69f1-4418-9fc1-5b46f95246ba.2be32aeeec4eb3eee985ae6c892a8df2.jpeg?odnHeight=576&amp;odnWidth=576&amp;odnBg=FFFFFF" width="" height="" class="absolute top-0 left-0" data-testid="productTileImage" alt="HORMEL GATHERINGS, Honey Ham and Turkey with Cheese and Crackers, Deli Party, 28 oz Plastic Tray"/></div><div class="z-2 absolute bottom--1"><div class="relative dib" data-id="16940282"><button class="w_hhLG w_8nsR w_jDfj pointer bn sans-serif b ph2 flex items-center justify-center w-auto shadow-1" type="button" data-pcss-hide="true" data-automation-id="add-to-cart" aria-label="Add to cart - HORMEL GATHERINGS, Honey Ham and Turkey with Cheese and Crackers, Deli Party, 28 oz Plastic Tray"><i class="ld ld-Plus" style="font-size:1.5rem;vertical-align:-0.25em;width:1.5rem;height:1.5rem;box-sizing:content-box" title="add to cart"></i><span class="mr2">Add</span></button></div></div></div><div class="mt5 mb0" style="height:24px" data-testid="variant-16940282"></div><div data-automation-id="product-price" class="flex flex-wrap justify-start items-center lh-title mb1-m"><div class="mr1 mr2-xl b black lh-copy f5 f4-l" aria-hidden="true">$13.98</div><span class="w_iUH7">current price $13.98</span><div class="gray mr1 f7 f6-l">49.9 ¢/oz</div></div><span class=""><span class="w_V_DM" style="-webkit-line-clamp:3;padding-bottom:0em;margin-bottom:-0em"><span data-automation-id="product-title" class="normal dark-gray mb0 mt1 lh-title f6 f5-l">HORMEL GATHERINGS, Honey Ham and Turkey with Cheese and Crackers, Deli Party, 28 oz Plastic Tray</span></span></span><div class="flex items-center mt2"><span class="black inline-flex mr1" data-testid="product-ratings" data-value="4.1"><i class="ld ld-StarFill" style="font-size:12px;vertical-align:-0.175em;width:12px;height:12px;box-sizing:content-box" aria-hidden="true"></i><i class="ld ld-StarFill" style="font-size:12px;vertical-align:-0.175em;width:12px;height:12px;box-sizing:content-box" aria-hidden="true"></i><i class="ld ld-StarFill" style="font-size:12px;vertical-align:-0.175em;width:12px;height:12px;box-sizing:content-box" aria-hidden="true"></i><i class="ld ld-StarFill" style="font-size:12px;vertical-align:-0.175em;width:12px;height:12px;box-sizing:content-box" aria-hidden="true"></i><i class="ld ld-Star" style="font-size:12px;vertical-align:-0.175em;width:12px;height:12px;box-sizing:content-box" aria-hidden="true"></i></span><span class="sans-serif gray f7" aria-hidden="true" data-testid="product-reviews" data-value="333">333</span><span class="w_iUH7">4.1 out of 5 Stars. 333 reviews</span></div><div></div><div class="mb2 mt2"><span class="w_iUH7">Available for Pickup or Delivery</span><span class="w_VbBP w_mFV6 w_I_19 w_3oNC w_AAn7 mr1 mt1 ph1" aria-hidden="true">Pickup</span><span class="w_VbBP w_mFV6 w_I_19 w_3oNC w_AAn7 mr1 mt1 ph1" aria-hidden="true">Delivery</span></div></div></li><li class="flex flex-column items-center pa1 pr2 pb2" data-slide="13"><div role="group" data-item-id="15610919" class="sans-serif mid-gray relative flex flex-column w-100 h-100 hide-child-opacity" data-testid="product-tile-13" aria-label="Product"><a link-identifier="15610919" class="absolute w-100 h-100 z-1 hide-sibling-opacity" target="" href="/ip/Nancy-s-Petite-Quiche-Frozen-Snacks-Variety-Pack-32-Ct-Box-Regular/15610919?athcpid=15610919&amp;athpgid=AthenaContentPage_7998220&amp;athcgid=null&amp;athznid=ItemCarousel_ca2e4a13-4f67-49b2-8fff-eb1dc268f47b_items&amp;athieid=v0&amp;athstid=CS020&amp;athguid=NZweV7bKCjeEaERyHDHGZw0t96BAY2qGoaBn&amp;athancid=null&amp;athena=true"><span class="w_iUH7"><h3>Nancy&#39;s Petite Quiche Frozen Snacks Variety Pack, 32 Ct Box Regular</h3></span></a><div class="h2 relative mv2"></div><div class="relative"><div class="relative overflow-hidden" style="max-width:226px;height:0;padding-bottom:min(226px, 100%);align-self:center;width:min(226px, 100%)"><img loading="lazy" srcset="https://i5.walmartimages.com/asr/876713c6-a77c-403c-919e-09cb428ea537.1298821fdab6bd8e7983716c4f117f58.jpeg?odnHeight=226&amp;odnWidth=226&amp;odnBg=FFFFFF 1x, https://i5.walmartimages.com/asr/876713c6-a77c-403c-919e-09cb428ea537.1298821fdab6bd8e7983716c4f117f58.jpeg?odnHeight=576&amp;odnWidth=576&amp;odnBg=FFFFFF 2x" src="https://i5.walmartimages.com/asr/876713c6-a77c-403c-919e-09cb428ea537.1298821fdab6bd8e7983716c4f117f58.jpeg?odnHeight=576&amp;odnWidth=576&amp;odnBg=FFFFFF" width="" height="" class="absolute top-0 left-0" data-testid="productTileImage" alt="Nancy&#39;s Petite Quiche Frozen Snacks Variety Pack, 32 Ct Box Regular"/></div><div class="z-2 absolute bottom--1"><div class="relative dib" data-id="15610919"><button class="w_hhLG w_8nsR w_jDfj pointer bn sans-serif b ph2 flex items-center justify-center w-auto shadow-1" type="button" data-pcss-hide="true" data-automation-id="add-to-cart" aria-label="Add to cart - Nancy&#39;s Petite Quiche Frozen Snacks Variety Pack, 32 Ct Box Regular"><i class="ld ld-Plus" style="font-size:1.5rem;vertical-align:-0.25em;width:1.5rem;height:1.5rem;box-sizing:content-box" title="add to cart"></i><span class="mr2">Add</span></button></div></div></div><div class="mt5 mb0" style="height:24px" data-testid="variant-15610919"></div><div data-automation-id="product-price" class="flex flex-wrap justify-start items-center lh-title mb1-m"><div class="mr1 mr2-xl b black lh-copy f5 f4-l" aria-hidden="true">$12.12</div><span class="w_iUH7">current price $12.12</span><div class="gray mr1 f7 f6-l">54.1 ¢/oz</div></div><span class=""><span class="w_V_DM" style="-webkit-line-clamp:3;padding-bottom:0em;margin-bottom:-0em"><span data-automation-id="product-title" class="normal dark-gray mb0 mt1 lh-title f6 f5-l">Nancy&#39;s Petite Quiche Frozen Snacks Variety Pack, 32 Ct Box Regular</span></span></span><div class="flex items-center mt2"><span class="black inline-flex mr1" data-testid="product-ratings" data-value="4.1"><i class="ld ld-StarFill" style="font-size:12px;vertical-align:-0.175em;width:12px;height:12px;box-sizing:content-box" aria-hidden="true"></i><i class="ld ld-StarFill" style="font-size:12px;vertical-align:-0.175em;width:12px;height:12px;box-sizing:content-box" aria-hidden="true"></i><i class="ld ld-StarFill" style="font-size:12px;vertical-align:-0.175em;width:12px;height:12px;box-sizing:content-box" aria-hidden="true"></i><i class="ld ld-StarFill" style="font-size:12px;vertical-align:-0.175em;width:12px;height:12px;box-sizing:content-box" aria-hidden="true"></i><i class="ld ld-Star" style="font-size:12px;vertical-align:-0.175em;width:12px;height:12px;box-sizing:content-box" aria-hidden="true"></i></span><span class="sans-serif gray f7" aria-hidden="true" data-testid="product-reviews" data-value="161">161</span><span class="w_iUH7">4.1 out of 5 Stars. 161 reviews</span></div><div></div><div class="mb2 mt2"><span class="w_iUH7">Available for Pickup or Delivery</span><span class="w_VbBP w_mFV6 w_I_19 w_3oNC w_AAn7 mr1 mt1 ph1" aria-hidden="true">Pickup</span><span class="w_VbBP w_mFV6 w_I_19 w_3oNC w_AAn7 mr1 mt1 ph1" aria-hidden="true">Delivery</span></div></div></li><li class="flex flex-column items-center pa1 pr2 pb2" data-slide="14"><div role="group" data-item-id="54802264" class="sans-serif mid-gray relative flex flex-column w-100 h-100 hide-child-opacity" data-testid="product-tile-14" aria-label="Product"><a link-identifier="54802264" class="absolute w-100 h-100 z-1 hide-sibling-opacity" target="" href="/ip/Sams-Choice-Sc-Spicy-Maple-Bourbon-Pickles-24oz/54802264?athcpid=54802264&amp;athpgid=AthenaContentPage_7998220&amp;athcgid=null&amp;athznid=ItemCarousel_ca2e4a13-4f67-49b2-8fff-eb1dc268f47b_items&amp;athieid=v0&amp;athstid=CS020&amp;athguid=NZweV7bKCjeEaERyHDHGZw0t96BAY2qGoaBn&amp;athancid=null&amp;athena=true"><span class="w_iUH7"><h3>Sams Choice Sc Spicy Maple Bourbon Pickles 24oz</h3></span></a><div class="h2 relative mv2"></div><div class="relative"><div class="relative overflow-hidden" style="max-width:226px;height:0;padding-bottom:min(226px, 100%);align-self:center;width:min(226px, 100%)"><img loading="lazy" srcset="https://i5.walmartimages.com/asr/919f99b6-cd01-4a6c-9e4e-5cd18cd85e93.ebbc07580dc9e363c2d7ede20045458c.jpeg?odnHeight=226&amp;odnWidth=226&amp;odnBg=FFFFFF 1x, https://i5.walmartimages.com/asr/919f99b6-cd01-4a6c-9e4e-5cd18cd85e93.ebbc07580dc9e363c2d7ede20045458c.jpeg?odnHeight=576&amp;odnWidth=576&amp;odnBg=FFFFFF 2x" src="https://i5.walmartimages.com/asr/919f99b6-cd01-4a6c-9e4e-5cd18cd85e93.ebbc07580dc9e363c2d7ede20045458c.jpeg?odnHeight=576&amp;odnWidth=576&amp;odnBg=FFFFFF" width="" height="" class="absolute top-0 left-0" data-testid="productTileImage" alt="Sams Choice Sc Spicy Maple Bourbon Pickles 24oz"/></div><div class="z-2 absolute bottom--1"><div class="relative dib" data-id="54802264"><button class="w_hhLG w_8nsR w_jDfj pointer bn sans-serif b ph2 flex items-center justify-center w-auto shadow-1" type="button" data-pcss-hide="true" data-automation-id="add-to-cart" aria-label="Add to cart - Sams Choice Sc Spicy Maple Bourbon Pickles 24oz"><i class="ld ld-Plus" style="font-size:1.5rem;vertical-align:-0.25em;width:1.5rem;height:1.5rem;box-sizing:content-box" title="add to cart"></i><span class="mr2">Add</span></button></div></div></div><div class="mt5 mb0" style="height:24px" data-testid="variant-54802264"></div><div data-automation-id="product-price" class="flex flex-wrap justify-start items-center lh-title mb1-m"><div class="mr1 mr2-xl b black lh-copy f5 f4-l" aria-hidden="true">$3.98</div><span class="w_iUH7">current price $3.98</span><div class="gray mr1 f7 f6-l">16.6 ¢/fl oz</div></div><span class=""><span class="w_V_DM" style="-webkit-line-clamp:3;padding-bottom:0em;margin-bottom:-0em"><span data-automation-id="product-title" class="normal dark-gray mb0 mt1 lh-title f6 f5-l">Sams Choice Sc Spicy Maple Bourbon Pickles 24oz</span></span></span><div class="flex items-center mt2"><span class="black inline-flex mr1" data-testid="product-ratings" data-value="4.3"><i class="ld ld-StarFill" style="font-size:12px;vertical-align:-0.175em;width:12px;height:12px;box-sizing:content-box" aria-hidden="true"></i><i class="ld ld-StarFill" style="font-size:12px;vertical-align:-0.175em;width:12px;height:12px;box-sizing:content-box" aria-hidden="true"></i><i class="ld ld-StarFill" style="font-size:12px;vertical-align:-0.175em;width:12px;height:12px;box-sizing:content-box" aria-hidden="true"></i><i class="ld ld-StarFill" style="font-size:12px;vertical-align:-0.175em;width:12px;height:12px;box-sizing:content-box" aria-hidden="true"></i><i class="ld ld-StarHalf" style="font-size:12px;vertical-align:-0.175em;width:12px;height:12px;box-sizing:content-box" aria-hidden="true"></i></span><span class="sans-serif gray f7" aria-hidden="true" data-testid="product-reviews" data-value="118">118</span><span class="w_iUH7">4.3 out of 5 Stars. 118 reviews</span></div><div></div><div class="mb2 mt2"><span class="w_iUH7">Available for Pickup or Delivery</span><span class="w_VbBP w_mFV6 w_I_19 w_3oNC w_AAn7 mr1 mt1 ph1" aria-hidden="true">Pickup</span><span class="w_VbBP w_mFV6 w_I_19 w_3oNC w_AAn7 mr1 mt1 ph1" aria-hidden="true">Delivery</span></div></div></li><li class="flex flex-column items-center pa1 pr2 pb2" data-slide="15"><div role="group" data-item-id="11045794" class="sans-serif mid-gray relative flex flex-column w-100 h-100 hide-child-opacity" data-testid="product-tile-15" aria-label="Product"><a link-identifier="11045794" class="absolute w-100 h-100 z-1 hide-sibling-opacity" target="" href="/ip/Toasteds-Variety-Pack-Crackers-12-oz/11045794?athcpid=11045794&amp;athpgid=AthenaContentPage_7998220&amp;athcgid=null&amp;athznid=ItemCarousel_ca2e4a13-4f67-49b2-8fff-eb1dc268f47b_items&amp;athieid=v0&amp;athstid=CS020&amp;athguid=NZweV7bKCjeEaERyHDHGZw0t96BAY2qGoaBn&amp;athancid=null&amp;athena=true&amp;athbdg=L1600"><span class="w_iUH7"><h3>Toasteds Variety Pack Crackers, 12 oz</h3></span></a><div class="h2 relative mv2"><span class="w_VbBP w_mFV6 w_awtt w_3oNC w_3H8O tag-leading-badge absolute">Best seller</span></div><div class="relative"><div class="relative overflow-hidden" style="max-width:226px;height:0;padding-bottom:min(226px, 100%);align-self:center;width:min(226px, 100%)"><img loading="lazy" srcset="https://i5.walmartimages.com/asr/a15b7260-0544-41ed-b454-e96767bf5985.77e7b253ed034ddafa1c9e3afc7eb4bb.jpeg?odnHeight=226&amp;odnWidth=226&amp;odnBg=FFFFFF 1x, https://i5.walmartimages.com/asr/a15b7260-0544-41ed-b454-e96767bf5985.77e7b253ed034ddafa1c9e3afc7eb4bb.jpeg?odnHeight=576&amp;odnWidth=576&amp;odnBg=FFFFFF 2x" src="https://i5.walmartimages.com/asr/a15b7260-0544-41ed-b454-e96767bf5985.77e7b253ed034ddafa1c9e3afc7eb4bb.jpeg?odnHeight=576&amp;odnWidth=576&amp;odnBg=FFFFFF" width="" height="" class="absolute top-0 left-0" data-testid="productTileImage" alt="Toasteds Variety Pack Crackers, 12 oz"/></div><div class="z-2 absolute bottom--1"><div class="relative dib" data-id="11045794"><button class="w_hhLG w_8nsR w_jDfj pointer bn sans-serif b ph2 flex items-center justify-center w-auto shadow-1" type="button" data-pcss-hide="true" data-automation-id="add-to-cart" aria-label="Add to cart - Toasteds Variety Pack Crackers, 12 oz"><i class="ld ld-Plus" style="font-size:1.5rem;vertical-align:-0.25em;width:1.5rem;height:1.5rem;box-sizing:content-box" title="add to cart"></i><span class="mr2">Add</span></button></div></div></div><div class="mt5 mb0" style="height:24px" data-testid="variant-11045794"></div><div data-automation-id="product-price" class="flex flex-wrap justify-start items-center lh-title mb1-m"><div class="mr1 mr2-xl b black lh-copy f5 f4-l" aria-hidden="true">$4.76</div><span class="w_iUH7">current price $4.76</span><div class="gray mr1 f7 f6-l">39.7 ¢/oz</div></div><span class=""><span class="w_V_DM" style="-webkit-line-clamp:3;padding-bottom:0em;margin-bottom:-0em"><span data-automation-id="product-title" class="normal dark-gray mb0 mt1 lh-title f6 f5-l">Toasteds Variety Pack Crackers, 12 oz</span></span></span><div class="flex items-center mt2"><span class="black inline-flex mr1" data-testid="product-ratings" data-value="4.4"><i class="ld ld-StarFill" style="font-size:12px;vertical-align:-0.175em;width:12px;height:12px;box-sizing:content-box" aria-hidden="true"></i><i class="ld ld-StarFill" style="font-size:12px;vertical-align:-0.175em;width:12px;height:12px;box-sizing:content-box" aria-hidden="true"></i><i class="ld ld-StarFill" style="font-size:12px;vertical-align:-0.175em;width:12px;height:12px;box-sizing:content-box" aria-hidden="true"></i><i class="ld ld-StarFill" style="font-size:12px;vertical-align:-0.175em;width:12px;height:12px;box-sizing:content-box" aria-hidden="true"></i><i class="ld ld-StarHalf" style="font-size:12px;vertical-align:-0.175em;width:12px;height:12px;box-sizing:content-box" aria-hidden="true"></i></span><span class="sans-serif gray f7" aria-hidden="true" data-testid="product-reviews" data-value="418">418</span><span class="w_iUH7">4.4 out of 5 Stars. 418 reviews</span></div><div></div><div class="mb2 mt2"><span class="w_iUH7">Available for Pickup, Delivery or 1-day shipping</span><span class="w_VbBP w_mFV6 w_I_19 w_3oNC w_AAn7 mr1 mt1 ph1" aria-hidden="true">Pickup</span><span class="w_VbBP w_mFV6 w_I_19 w_3oNC w_AAn7 mr1 mt1 ph1" aria-hidden="true">Delivery</span><span class="w_VbBP w_mFV6 w_I_19 w_3oNC w_AAn7 mr1 mt1 ph1" aria-hidden="true">1-day shipping</span></div></div></li><li class="flex flex-column items-center pa1 pr2 pb2" data-slide="16"><div role="group" data-item-id="10293707" class="sans-serif mid-gray relative flex flex-column w-100 h-100 hide-child-opacity" data-testid="product-tile-16" aria-label="Product"><a link-identifier="10293707" class="absolute w-100 h-100 z-1 hide-sibling-opacity" target="" href="/ip/President-Brie-Soft-Ripened-Cheese-8-oz-Refrigerated/10293707?athcpid=10293707&amp;athpgid=AthenaContentPage_7998220&amp;athcgid=null&amp;athznid=ItemCarousel_ca2e4a13-4f67-49b2-8fff-eb1dc268f47b_items&amp;athieid=v0&amp;athstid=CS020&amp;athguid=NZweV7bKCjeEaERyHDHGZw0t96BAY2qGoaBn&amp;athancid=null&amp;athena=true&amp;athbdg=L1600"><span class="w_iUH7"><h3>President Brie Soft-Ripened Cheese, 8 oz (Refrigerated)</h3></span></a><div class="h2 relative mv2"><span class="w_VbBP w_mFV6 w_awtt w_3oNC w_3H8O tag-leading-badge absolute">Best seller</span></div><div class="relative"><div class="relative overflow-hidden" style="max-width:226px;height:0;padding-bottom:min(226px, 100%);align-self:center;width:min(226px, 100%)"><img loading="lazy" srcset="https://i5.walmartimages.com/asr/c4ac4dbe-676b-40f2-b979-f449a2b0a47d.7ba91e1b5dd896c778ea28f7f5ab4f34.jpeg?odnHeight=226&amp;odnWidth=226&amp;odnBg=FFFFFF 1x, https://i5.walmartimages.com/asr/c4ac4dbe-676b-40f2-b979-f449a2b0a47d.7ba91e1b5dd896c778ea28f7f5ab4f34.jpeg?odnHeight=576&amp;odnWidth=576&amp;odnBg=FFFFFF 2x" src="https://i5.walmartimages.com/asr/c4ac4dbe-676b-40f2-b979-f449a2b0a47d.7ba91e1b5dd896c778ea28f7f5ab4f34.jpeg?odnHeight=576&amp;odnWidth=576&amp;odnBg=FFFFFF" width="" height="" class="absolute top-0 left-0" data-testid="productTileImage" alt="President Brie Soft-Ripened Cheese, 8 oz (Refrigerated)"/></div><div class="z-2 absolute bottom--1"><div class="relative dib" data-id="10293707"><button class="w_hhLG w_8nsR w_jDfj pointer bn sans-serif b ph2 flex items-center justify-center w-auto shadow-1" type="button" data-pcss-hide="true" data-automation-id="add-to-cart" aria-label="Add to cart - President Brie Soft-Ripened Cheese, 8 oz (Refrigerated)"><i class="ld ld-Plus" style="font-size:1.5rem;vertical-align:-0.25em;width:1.5rem;height:1.5rem;box-sizing:content-box" title="add to cart"></i><span class="mr2">Add</span></button></div></div></div><div class="mt5 mb0" style="height:24px" data-testid="variant-10293707"></div><div data-automation-id="product-price" class="flex flex-wrap justify-start items-center lh-title mb1-m"><div class="mr1 mr2-xl b black green lh-copy f5 f4-l" aria-hidden="true">Now $4.70</div><span class="w_iUH7">current price Now $4.70</span><div class="gray mr1 strike f7 f6-l" aria-hidden="true">$5.26</div><span class="w_iUH7">Was $5.26</span><div class="gray mr1 f7 f6-l">58.8 ¢/oz</div></div><span class=""><span class="w_V_DM" style="-webkit-line-clamp:3;padding-bottom:0em;margin-bottom:-0em"><span data-automation-id="product-title" class="normal dark-gray mb0 mt1 lh-title f6 f5-l">President Brie Soft-Ripened Cheese, 8 oz (Refrigerated)</span></span></span><div class="flex items-center mt2"><span class="black inline-flex mr1" data-testid="product-ratings" data-value="2.7"><i class="ld ld-StarFill" style="font-size:12px;vertical-align:-0.175em;width:12px;height:12px;box-sizing:content-box" aria-hidden="true"></i><i class="ld ld-StarFill" style="font-size:12px;vertical-align:-0.175em;width:12px;height:12px;box-sizing:content-box" aria-hidden="true"></i><i class="ld ld-StarHalf" style="font-size:12px;vertical-align:-0.175em;width:12px;height:12px;box-sizing:content-box" aria-hidden="true"></i><i class="ld ld-Star" style="font-size:12px;vertical-align:-0.175em;width:12px;height:12px;box-sizing:content-box" aria-hidden="true"></i><i class="ld ld-Star" style="font-size:12px;vertical-align:-0.175em;width:12px;height:12px;box-sizing:content-box" aria-hidden="true"></i></span><span class="sans-serif gray f7" aria-hidden="true" data-testid="product-reviews" data-value="76">76</span><span class="w_iUH7">2.7 out of 5 Stars. 76 reviews</span></div><div></div><div class="mb2 mt2"><span class="w_iUH7">Available for Pickup or Delivery</span><span class="w_VbBP w_mFV6 w_I_19 w_3oNC w_AAn7 mr1 mt1 ph1" aria-hidden="true">Pickup</span><span class="w_VbBP w_mFV6 w_I_19 w_3oNC w_AAn7 mr1 mt1 ph1" aria-hidden="true">Delivery</span></div></div></li><li class="flex flex-column items-center pa1 pr2 pb2" data-slide="17"><div role="group" data-item-id="826462177" class="sans-serif mid-gray relative flex flex-column w-100 h-100 hide-child-opacity" data-testid="product-tile-17" aria-label="Product"><a link-identifier="826462177" class="absolute w-100 h-100 z-1 hide-sibling-opacity" target="" href="/ip/Welch-s-Non-Alcoholic-Sparkling-Ros-Grape-Juice-Cocktail-25-4-fl-oz-Bottle/826462177?athcpid=826462177&amp;athpgid=AthenaContentPage_7998220&amp;athcgid=null&amp;athznid=ItemCarousel_ca2e4a13-4f67-49b2-8fff-eb1dc268f47b_items&amp;athieid=v0&amp;athstid=CS020&amp;athguid=NZweV7bKCjeEaERyHDHGZw0t96BAY2qGoaBn&amp;athancid=null&amp;athena=true"><span class="w_iUH7"><h3>Welch&#39;s Non-Alcoholic Sparkling Rosé Grape Juice Cocktail, 25.4 fl oz Bottle</h3></span></a><div class="h2 relative mv2"></div><div class="relative"><div class="relative overflow-hidden" style="max-width:226px;height:0;padding-bottom:min(226px, 100%);align-self:center;width:min(226px, 100%)"><img loading="lazy" srcset="https://i5.walmartimages.com/asr/4487c6ec-6b8b-446b-b6d7-ae878ace0ca9.bda7668c91ab3504c3bf9b42e9a8ec7c.jpeg?odnHeight=226&amp;odnWidth=226&amp;odnBg=FFFFFF 1x, https://i5.walmartimages.com/asr/4487c6ec-6b8b-446b-b6d7-ae878ace0ca9.bda7668c91ab3504c3bf9b42e9a8ec7c.jpeg?odnHeight=576&amp;odnWidth=576&amp;odnBg=FFFFFF 2x" src="https://i5.walmartimages.com/asr/4487c6ec-6b8b-446b-b6d7-ae878ace0ca9.bda7668c91ab3504c3bf9b42e9a8ec7c.jpeg?odnHeight=576&amp;odnWidth=576&amp;odnBg=FFFFFF" width="" height="" class="absolute top-0 left-0" data-testid="productTileImage" alt="Welch&#39;s Non-Alcoholic Sparkling Rosé Grape Juice Cocktail, 25.4 fl oz Bottle"/></div><div class="z-2 absolute bottom--1"><div class="relative dib" data-id="826462177"><button class="w_hhLG w_8nsR w_jDfj pointer bn sans-serif b ph2 flex items-center justify-center w-auto shadow-1" type="button" data-pcss-hide="true" data-automation-id="add-to-cart" aria-label="Add to cart - Welch&#39;s Non-Alcoholic Sparkling Rosé Grape Juice Cocktail, 25.4 fl oz Bottle"><i class="ld ld-Plus" style="font-size:1.5rem;vertical-align:-0.25em;width:1.5rem;height:1.5rem;box-sizing:content-box" title="add to cart"></i><span class="mr2">Add</span></button></div></div></div><div class="mt5 mb0" style="height:24px" data-testid="variant-826462177"></div><div data-automation-id="product-price" class="flex flex-wrap justify-start items-center lh-title mb1-m"><div class="mr1 mr2-xl b black lh-copy f5 f4-l" aria-hidden="true">$3.68</div><span class="w_iUH7">current price $3.68</span><div class="gray mr1 f7 f6-l">14.5 ¢/fl oz</div></div><span class=""><span class="w_V_DM" style="-webkit-line-clamp:3;padding-bottom:0em;margin-bottom:-0em"><span data-automation-id="product-title" class="normal dark-gray mb0 mt1 lh-title f6 f5-l">Welch&#39;s Non-Alcoholic Sparkling Rosé Grape Juice Cocktail, 25.4 fl oz Bottle</span></span></span><div class="flex items-center mt2"><span class="black inline-flex mr1" data-testid="product-ratings" data-value="4.2"><i class="ld ld-StarFill" style="font-size:12px;vertical-align:-0.175em;width:12px;height:12px;box-sizing:content-box" aria-hidden="true"></i><i class="ld ld-StarFill" style="font-size:12px;vertical-align:-0.175em;width:12px;height:12px;box-sizing:content-box" aria-hidden="true"></i><i class="ld ld-StarFill" style="font-size:12px;vertical-align:-0.175em;width:12px;height:12px;box-sizing:content-box" aria-hidden="true"></i><i class="ld ld-StarFill" style="font-size:12px;vertical-align:-0.175em;width:12px;height:12px;box-sizing:content-box" aria-hidden="true"></i><i class="ld ld-Star" style="font-size:12px;vertical-align:-0.175em;width:12px;height:12px;box-sizing:content-box" aria-hidden="true"></i></span><span class="sans-serif gray f7" aria-hidden="true" data-testid="product-reviews" data-value="143">143</span><span class="w_iUH7">4.2 out of 5 Stars. 143 reviews</span></div><div></div><div class="mb2 mt2"><span class="w_iUH7">Available for Pickup or Delivery</span><span class="w_VbBP w_mFV6 w_I_19 w_3oNC w_AAn7 mr1 mt1 ph1" aria-hidden="true">Pickup</span><span class="w_VbBP w_mFV6 w_I_19 w_3oNC w_AAn7 mr1 mt1 ph1" aria-hidden="true">Delivery</span></div></div></li><li class="flex flex-column items-center pa1 pr2 pb2" data-slide="18"><div role="group" data-item-id="35591553" class="sans-serif mid-gray relative flex flex-column w-100 h-100 hide-child-opacity" data-testid="product-tile-18" aria-label="Product"><a link-identifier="35591553" class="absolute w-100 h-100 z-1 hide-sibling-opacity" target="" href="/ip/Delimex-Chicken-Cheese-Large-Flour-Taquitos-Frozen-Snacks-Appetizers-18-Ct-Box-Full-Size/35591553?athcpid=35591553&amp;athpgid=AthenaContentPage_7998220&amp;athcgid=null&amp;athznid=ItemCarousel_ca2e4a13-4f67-49b2-8fff-eb1dc268f47b_items&amp;athieid=v0&amp;athstid=CS020&amp;athguid=NZweV7bKCjeEaERyHDHGZw0t96BAY2qGoaBn&amp;athancid=null&amp;athena=true"><span class="w_iUH7"><h3>Delimex Chicken &amp; Cheese Large Flour Taquitos Frozen Snacks &amp; Appetizers, 18 Ct Box Full Size</h3></span></a><div class="h2 relative mv2"></div><div class="relative"><div class="relative overflow-hidden" style="max-width:226px;height:0;padding-bottom:min(226px, 100%);align-self:center;width:min(226px, 100%)"><img loading="lazy" srcset="https://i5.walmartimages.com/asr/e537acef-d2ba-42b8-8c03-4f5887fef18c.114ae348020c674a99451aec9b98f23f.jpeg?odnHeight=226&amp;odnWidth=226&amp;odnBg=FFFFFF 1x, https://i5.walmartimages.com/asr/e537acef-d2ba-42b8-8c03-4f5887fef18c.114ae348020c674a99451aec9b98f23f.jpeg?odnHeight=576&amp;odnWidth=576&amp;odnBg=FFFFFF 2x" src="https://i5.walmartimages.com/asr/e537acef-d2ba-42b8-8c03-4f5887fef18c.114ae348020c674a99451aec9b98f23f.jpeg?odnHeight=576&amp;odnWidth=576&amp;odnBg=FFFFFF" width="" height="" class="absolute top-0 left-0" data-testid="productTileImage" alt="Delimex Chicken &amp; Cheese Large Flour Taquitos Frozen Snacks &amp; Appetizers, 18 Ct Box Full Size"/></div><div class="z-2 absolute bottom--1"><div class="relative dib" data-id="35591553"><button class="w_hhLG w_8nsR w_jDfj pointer bn sans-serif b ph2 flex items-center justify-center w-auto shadow-1" type="button" data-pcss-hide="true" data-automation-id="add-to-cart" aria-label="Add to cart - Delimex Chicken &amp; Cheese Large Flour Taquitos Frozen Snacks &amp; Appetizers, 18 Ct Box Full Size"><i class="ld ld-Plus" style="font-size:1.5rem;vertical-align:-0.25em;width:1.5rem;height:1.5rem;box-sizing:content-box" title="add to cart"></i><span class="mr2">Add</span></button></div></div></div><div class="mt5 mb0" style="height:24px" data-testid="variant-35591553"></div><div data-automation-id="product-price" class="flex flex-wrap justify-start items-center lh-title mb1-m"><div class="mr1 mr2-xl b black lh-copy f5 f4-l" aria-hidden="true">$6.28</div><span class="w_iUH7">current price $6.28</span><div class="gray mr1 f7 f6-l">29.1 ¢/oz</div></div><span class=""><span class="w_V_DM" style="-webkit-line-clamp:3;padding-bottom:0em;margin-bottom:-0em"><span data-automation-id="product-title" class="normal dark-gray mb0 mt1 lh-title f6 f5-l">Delimex Chicken &amp; Cheese Large Flour Taquitos Frozen Snacks &amp; Appetizers, 18 Ct Box Full Size</span></span></span><div class="flex items-center mt2"><span class="black inline-flex mr1" data-testid="product-ratings" data-value="3.6"><i class="ld ld-StarFill" style="font-size:12px;vertical-align:-0.175em;width:12px;height:12px;box-sizing:content-box" aria-hidden="true"></i><i class="ld ld-StarFill" style="font-size:12px;vertical-align:-0.175em;width:12px;height:12px;box-sizing:content-box" aria-hidden="true"></i><i class="ld ld-StarFill" style="font-size:12px;vertical-align:-0.175em;width:12px;height:12px;box-sizing:content-box" aria-hidden="true"></i><i class="ld ld-StarHalf" style="font-size:12px;vertical-align:-0.175em;width:12px;height:12px;box-sizing:content-box" aria-hidden="true"></i><i class="ld ld-Star" style="font-size:12px;vertical-align:-0.175em;width:12px;height:12px;box-sizing:content-box" aria-hidden="true"></i></span><span class="sans-serif gray f7" aria-hidden="true" data-testid="product-reviews" data-value="237">237</span><span class="w_iUH7">3.6 out of 5 Stars. 237 reviews</span></div><div></div><div class="mb2 mt2"><span class="w_iUH7">Available for Pickup or Delivery</span><span class="w_VbBP w_mFV6 w_I_19 w_3oNC w_AAn7 mr1 mt1 ph1" aria-hidden="true">Pickup</span><span class="w_VbBP w_mFV6 w_I_19 w_3oNC w_AAn7 mr1 mt1 ph1" aria-hidden="true">Delivery</span></div></div></li></ul><a link-identifier="horizontalScrollerNext" class="absolute dn z-5 bg-white br-100 pa0 pointer db-l br-100 nav-control right-1" aria-label="Next slide for Product Carousel list" data-testid="horizontal-scroller-next" role="button"><i class="ld ld-ChevronRight" style="font-size:1.5rem;vertical-align:-0.25em;padding:12px;width:1.5rem;height:1.5rem;box-sizing:content-box"></i></a></div></section></section></div> <div class="mv3 mv4-xl ml3 ml0-l bb b--near-white"><section><section><header class="flex justify-between mb3 mb2-m pr3 pr4-m pr0-xl items-baseline"><section style="flex:1"><div><div><div class="inline-flex "><h2 class="f4 f3-m lh-title ma0 ">Adult Beverages</h2></div></div></div></section><a link-identifier="View all" class="black f6" href="https://www.walmart.com/cp/2975985?povid=976759_ItemCarousel_7998220_AdultBev_111423">View all</a></header><div class="flex flex-column justify-center relative" data-testid="horizontal-scroller-Product Carousel"><a link-identifier="horizontalScrollerPrevious" class="absolute dn z-5 bg-white br-100 pa0 pointer hidden-child br-100 nav-control left-1" aria-label="Previous slide for Product Carousel list" data-testid="horizontal-scroller-previous" role="button"><i class="ld ld-ChevronLeft" style="font-size:1.5rem;vertical-align:-0.25em;padding:12px;width:1.5rem;height:1.5rem;box-sizing:content-box"></i></a><ul style="display:grid;grid-auto-flow:column;scroll-snap-type:x mandatory;max-height:fit-content" class="list ma0 pl0 overflow-x-scroll hidesb hidesb-wk relative overflow-y-hidden carousel-peek-2 carousel-6-l carousel-3-m pr3-m" data-testid="carousel-container"><li class="flex flex-column items-center pa1 pr2 pb2" data-slide="0"><div role="group" data-item-id="44391361" class="sans-serif mid-gray relative flex flex-column w-100 h-100 hide-child-opacity" data-testid="product-tile-0" aria-label="Product"><a link-identifier="44391361" class="absolute w-100 h-100 z-1 hide-sibling-opacity" target="" href="/ip/Samuel-Adams-Prime-Time-Seasonal-Variety-Craft-Beer-12-Pack-12-fl-oz-Bottles-4-5-6-2-ABV/44391361?athcpid=44391361&amp;athpgid=AthenaContentPage_7998220&amp;athcgid=null&amp;athznid=ItemCarousel_04efcecf-8ff6-49a1-92fa-aa11f5dcc052_items&amp;athieid=v0&amp;athstid=CS020&amp;athguid=NZweV7bKCjeEaERyHDHGZw0t96BAY2qGoaBn&amp;athancid=null&amp;athena=true&amp;athbdg=L1600"><span class="w_iUH7"><h3>Samuel Adams Prime Time Seasonal Variety Craft Beer, 12 Pack, 12 fl. oz. Bottles, 4.5%-6.2% ABV</h3></span></a><div class="h2 relative mv2"><span class="w_VbBP w_mFV6 w_awtt w_3oNC w_3H8O tag-leading-badge absolute">Best seller</span></div><div class="relative"><div class="relative overflow-hidden" style="max-width:226px;height:0;padding-bottom:min(226px, 100%);align-self:center;width:min(226px, 100%)"><img loading="lazy" srcset="https://i5.walmartimages.com/asr/a2787fc9-7441-464f-8e2e-447643c57bb2.55b532c8ae513cabd839768733026b67.jpeg?odnHeight=226&amp;odnWidth=226&amp;odnBg=FFFFFF 1x, https://i5.walmartimages.com/asr/a2787fc9-7441-464f-8e2e-447643c57bb2.55b532c8ae513cabd839768733026b67.jpeg?odnHeight=576&amp;odnWidth=576&amp;odnBg=FFFFFF 2x" src="https://i5.walmartimages.com/asr/a2787fc9-7441-464f-8e2e-447643c57bb2.55b532c8ae513cabd839768733026b67.jpeg?odnHeight=576&amp;odnWidth=576&amp;odnBg=FFFFFF" width="" height="" class="absolute top-0 left-0" data-testid="productTileImage" alt="Samuel Adams Prime Time Seasonal Variety Craft Beer, 12 Pack, 12 fl. oz. Bottles, 4.5%-6.2% ABV"/></div><div class="z-2 absolute bottom--1"><div class="relative dib" data-id="44391361"><button class="w_hhLG w_8nsR w_jDfj pointer bn sans-serif b ph2 flex items-center justify-center w-auto shadow-1" type="button" data-pcss-hide="true" data-automation-id="add-to-cart" aria-label="Add to cart - Samuel Adams Prime Time Seasonal Variety Craft Beer, 12 Pack, 12 fl. oz. Bottles, 4.5%-6.2% ABV"><i class="ld ld-Plus" style="font-size:1.5rem;vertical-align:-0.25em;width:1.5rem;height:1.5rem;box-sizing:content-box" title="add to cart"></i><span class="mr2">Add</span></button></div></div></div><div class="mt5 mb0" style="height:24px" data-testid="variant-44391361"></div><div data-automation-id="product-price" class="flex flex-wrap justify-start items-center lh-title mb1-m"><div class="mr1 mr2-xl b black lh-copy f5 f4-l" aria-hidden="true">$18.73</div><span class="w_iUH7">current price $18.73</span><div class="gray mr1 f7 f6-l">13.0 ¢/fl oz</div></div><span class=""><span class="w_V_DM" style="-webkit-line-clamp:3;padding-bottom:0em;margin-bottom:-0em"><span data-automation-id="product-title" class="normal dark-gray mb0 mt1 lh-title f6 f5-l">Samuel Adams Prime Time Seasonal Variety Craft Beer, 12 Pack, 12 fl. oz. Bottles, 4.5%-6.2% ABV</span></span></span><div class="flex items-center mt2"><span class="black inline-flex mr1" data-testid="product-ratings" data-value="4.4"><i class="ld ld-StarFill" style="font-size:12px;vertical-align:-0.175em;width:12px;height:12px;box-sizing:content-box" aria-hidden="true"></i><i class="ld ld-StarFill" style="font-size:12px;vertical-align:-0.175em;width:12px;height:12px;box-sizing:content-box" aria-hidden="true"></i><i class="ld ld-StarFill" style="font-size:12px;vertical-align:-0.175em;width:12px;height:12px;box-sizing:content-box" aria-hidden="true"></i><i class="ld ld-StarFill" style="font-size:12px;vertical-align:-0.175em;width:12px;height:12px;box-sizing:content-box" aria-hidden="true"></i><i class="ld ld-StarHalf" style="font-size:12px;vertical-align:-0.175em;width:12px;height:12px;box-sizing:content-box" aria-hidden="true"></i></span><span class="sans-serif gray f7" aria-hidden="true" data-testid="product-reviews" data-value="9">9</span><span class="w_iUH7">4.4 out of 5 Stars. 9 reviews</span></div><div></div><div class="mb2 mt2"><span class="w_iUH7">Available for Pickup or Delivery</span><span class="w_VbBP w_mFV6 w_I_19 w_3oNC w_AAn7 mr1 mt1 ph1" aria-hidden="true">Pickup</span><span class="w_VbBP w_mFV6 w_I_19 w_3oNC w_AAn7 mr1 mt1 ph1" aria-hidden="true">Delivery</span></div></div></li><li class="flex flex-column items-center pa1 pr2 pb2" data-slide="1"><div role="group" data-item-id="666355800" class="sans-serif mid-gray relative flex flex-column w-100 h-100 hide-child-opacity" data-testid="product-tile-1" aria-label="Product"><a link-identifier="666355800" class="absolute w-100 h-100 z-1 hide-sibling-opacity" target="" href="/ip/Seedlip-Grove-42-Non-alcoholic-Spirit-Calorie-Free-Sugar-Free-Non-alcoholic-Cocktails-23-7fl-oz-700ml/666355800?athcpid=666355800&amp;athpgid=AthenaContentPage_7998220&amp;athcgid=null&amp;athznid=ItemCarousel_04efcecf-8ff6-49a1-92fa-aa11f5dcc052_items&amp;athieid=v0&amp;athstid=CS020&amp;athguid=NZweV7bKCjeEaERyHDHGZw0t96BAY2qGoaBn&amp;athancid=null&amp;athena=true&amp;athbdg=L1600"><span class="w_iUH7"><h3>Seedlip Grove 42 - Non-alcoholic Spirit | Calorie Free, Sugar Free | Non-alcoholic Cocktails | 23.7fl oz (700ml)</h3></span></a><div class="h2 relative mv2"><span class="w_VbBP w_mFV6 w_awtt w_3oNC w_3H8O tag-leading-badge absolute">Best seller</span></div><div class="relative"><div class="relative overflow-hidden" style="max-width:226px;height:0;padding-bottom:min(226px, 100%);align-self:center;width:min(226px, 100%)"><img loading="lazy" srcset="https://i5.walmartimages.com/asr/4c880cb1-8577-4b92-9ab3-de7799be423b.eafdf4a7254be26ee83a28f327cb27e9.jpeg?odnHeight=226&amp;odnWidth=226&amp;odnBg=FFFFFF 1x, https://i5.walmartimages.com/asr/4c880cb1-8577-4b92-9ab3-de7799be423b.eafdf4a7254be26ee83a28f327cb27e9.jpeg?odnHeight=576&amp;odnWidth=576&amp;odnBg=FFFFFF 2x" src="https://i5.walmartimages.com/asr/4c880cb1-8577-4b92-9ab3-de7799be423b.eafdf4a7254be26ee83a28f327cb27e9.jpeg?odnHeight=576&amp;odnWidth=576&amp;odnBg=FFFFFF" width="" height="" class="absolute top-0 left-0" data-testid="productTileImage" alt="Seedlip Grove 42 - Non-alcoholic Spirit | Calorie Free, Sugar Free | Non-alcoholic Cocktails | 23.7fl oz (700ml)"/></div><div class="z-2 absolute bottom--1"><div class="relative dib" data-id="666355800"><button class="w_hhLG w_8nsR w_jDfj pointer bn sans-serif b ph2 flex items-center justify-center w-auto shadow-1" type="button" data-pcss-hide="true" data-automation-id="add-to-cart" aria-label="Add to cart - Seedlip Grove 42 - Non-alcoholic Spirit | Calorie Free, Sugar Free | Non-alcoholic Cocktails | 23.7fl oz (700ml)"><i class="ld ld-Plus" style="font-size:1.5rem;vertical-align:-0.25em;width:1.5rem;height:1.5rem;box-sizing:content-box" title="add to cart"></i><span class="mr2">Add</span></button></div></div></div><div class="mt5 mb0" style="height:24px" data-testid="variant-666355800"></div><div data-automation-id="product-price" class="flex flex-wrap justify-start items-center lh-title mb1-m"><div class="mr1 mr2-xl b black lh-copy f5 f4-l" aria-hidden="true">$42.99</div><span class="w_iUH7">current price $42.99</span></div><span class=""><span class="w_V_DM" style="-webkit-line-clamp:3;padding-bottom:0em;margin-bottom:-0em"><span data-automation-id="product-title" class="normal dark-gray mb0 mt1 lh-title f6 f5-l">Seedlip Grove 42 - Non-alcoholic Spirit | Calorie Free, Sugar Free | Non-alcoholic Cocktails | 23.7fl oz (700ml)</span></span></span><div></div><div class="mb2 mt2"><span class="w_iUH7">Available for 3+ day shipping</span><span class="w_VbBP w_mFV6 w_I_19 w_3oNC w_AAn7 mr1 mt1 ph1" aria-hidden="true">3+ day shipping</span></div></div></li><li class="flex flex-column items-center pa1 pr2 pb2" data-slide="2"><div role="group" data-item-id="12167161" class="sans-serif mid-gray relative flex flex-column w-100 h-100 hide-child-opacity" data-testid="product-tile-2" aria-label="Product"><a link-identifier="12167161" class="absolute w-100 h-100 z-1 hide-sibling-opacity" target="" href="/ip/Baileys-Salted-Caramel-Irish-Cream-Liqueur-750-ml/12167161?athcpid=12167161&amp;athpgid=AthenaContentPage_7998220&amp;athcgid=null&amp;athznid=ItemCarousel_04efcecf-8ff6-49a1-92fa-aa11f5dcc052_items&amp;athieid=v0&amp;athstid=CS020&amp;athguid=NZweV7bKCjeEaERyHDHGZw0t96BAY2qGoaBn&amp;athancid=null&amp;athena=true"><span class="w_iUH7"><h3>Baileys Salted Caramel Irish Cream Liqueur, 750 ml</h3></span></a><div class="h2 relative mv2"></div><div class="relative"><div class="relative overflow-hidden" style="max-width:226px;height:0;padding-bottom:min(226px, 100%);align-self:center;width:min(226px, 100%)"><img loading="lazy" srcset="https://i5.walmartimages.com/asr/0007d53d-04fa-4214-a577-b8964a85c8c9.7d5626fe9651f65874b61919bb9aafae.jpeg?odnHeight=226&amp;odnWidth=226&amp;odnBg=FFFFFF 1x, https://i5.walmartimages.com/asr/0007d53d-04fa-4214-a577-b8964a85c8c9.7d5626fe9651f65874b61919bb9aafae.jpeg?odnHeight=576&amp;odnWidth=576&amp;odnBg=FFFFFF 2x" src="https://i5.walmartimages.com/asr/0007d53d-04fa-4214-a577-b8964a85c8c9.7d5626fe9651f65874b61919bb9aafae.jpeg?odnHeight=576&amp;odnWidth=576&amp;odnBg=FFFFFF" width="" height="" class="absolute top-0 left-0" data-testid="productTileImage" alt="Baileys Salted Caramel Irish Cream Liqueur, 750 ml"/></div><div class="z-2 absolute bottom--1"><div class="relative dib" data-id="12167161"><button class="w_hhLG w_8nsR w_jDfj pointer bn sans-serif b ph2 flex items-center justify-center w-auto shadow-1" type="button" data-pcss-hide="true" data-automation-id="add-to-cart" aria-label="Add to cart - Baileys Salted Caramel Irish Cream Liqueur, 750 ml"><i class="ld ld-Plus" style="font-size:1.5rem;vertical-align:-0.25em;width:1.5rem;height:1.5rem;box-sizing:content-box" title="add to cart"></i><span class="mr2">Add</span></button></div></div></div><div class="mt5 mb0" style="height:24px" data-testid="variant-12167161"></div><div data-automation-id="product-price" class="flex flex-wrap justify-start items-center lh-title mb1-m"><div class="mr1 mr2-xl b black lh-copy f5 f4-l" aria-hidden="true">$21.98</div><span class="w_iUH7">current price $21.98</span><div class="gray mr1 f7 f6-l">86.7 ¢/fl oz</div></div><span class=""><span class="w_V_DM" style="-webkit-line-clamp:3;padding-bottom:0em;margin-bottom:-0em"><span data-automation-id="product-title" class="normal dark-gray mb0 mt1 lh-title f6 f5-l">Baileys Salted Caramel Irish Cream Liqueur, 750 ml</span></span></span><div class="flex items-center mt2"><span class="black inline-flex mr1" data-testid="product-ratings" data-value="4.7"><i class="ld ld-StarFill" style="font-size:12px;vertical-align:-0.175em;width:12px;height:12px;box-sizing:content-box" aria-hidden="true"></i><i class="ld ld-StarFill" style="font-size:12px;vertical-align:-0.175em;width:12px;height:12px;box-sizing:content-box" aria-hidden="true"></i><i class="ld ld-StarFill" style="font-size:12px;vertical-align:-0.175em;width:12px;height:12px;box-sizing:content-box" aria-hidden="true"></i><i class="ld ld-StarFill" style="font-size:12px;vertical-align:-0.175em;width:12px;height:12px;box-sizing:content-box" aria-hidden="true"></i><i class="ld ld-StarHalf" style="font-size:12px;vertical-align:-0.175em;width:12px;height:12px;box-sizing:content-box" aria-hidden="true"></i></span><span class="sans-serif gray f7" aria-hidden="true" data-testid="product-reviews" data-value="1538">1538</span><span class="w_iUH7">4.7 out of 5 Stars. 1538 reviews</span></div><div></div><div class="mb2 mt2"><span class="w_iUH7">Available for Pickup or Delivery</span><span class="w_VbBP w_mFV6 w_I_19 w_3oNC w_AAn7 mr1 mt1 ph1" aria-hidden="true">Pickup</span><span class="w_VbBP w_mFV6 w_I_19 w_3oNC w_AAn7 mr1 mt1 ph1" aria-hidden="true">Delivery</span></div></div></li><li class="flex flex-column items-center pa1 pr2 pb2" data-slide="3"><div role="group" data-item-id="185231322" class="sans-serif mid-gray relative flex flex-column w-100 h-100 hide-child-opacity" data-testid="product-tile-3" aria-label="Product"><a link-identifier="185231322" class="absolute w-100 h-100 z-1 hide-sibling-opacity" target="" href="/ip/Meiomi-California-Pinot-Noir-Red-Wine-750-ml-Bottle-13-5-ABV/185231322?athcpid=185231322&amp;athpgid=AthenaContentPage_7998220&amp;athcgid=null&amp;athznid=ItemCarousel_04efcecf-8ff6-49a1-92fa-aa11f5dcc052_items&amp;athieid=v0&amp;athstid=CS020&amp;athguid=NZweV7bKCjeEaERyHDHGZw0t96BAY2qGoaBn&amp;athancid=null&amp;athena=true&amp;athbdg=L1600"><span class="w_iUH7"><h3>Meiomi California Pinot Noir Red Wine, 750 ml Bottle, 13.5% ABV</h3></span></a><div class="h2 relative mv2"><span class="w_VbBP w_mFV6 w_awtt w_3oNC w_3H8O tag-leading-badge absolute">Best seller</span></div><div class="relative"><div class="relative overflow-hidden" style="max-width:226px;height:0;padding-bottom:min(226px, 100%);align-self:center;width:min(226px, 100%)"><img loading="lazy" srcset="https://i5.walmartimages.com/asr/598f75e3-426c-4dd3-99b9-de4592aa1d2b.3f4bfb2ec49ce300d354f5cdb5bc1e0b.jpeg?odnHeight=226&amp;odnWidth=226&amp;odnBg=FFFFFF 1x, https://i5.walmartimages.com/asr/598f75e3-426c-4dd3-99b9-de4592aa1d2b.3f4bfb2ec49ce300d354f5cdb5bc1e0b.jpeg?odnHeight=576&amp;odnWidth=576&amp;odnBg=FFFFFF 2x" src="https://i5.walmartimages.com/asr/598f75e3-426c-4dd3-99b9-de4592aa1d2b.3f4bfb2ec49ce300d354f5cdb5bc1e0b.jpeg?odnHeight=576&amp;odnWidth=576&amp;odnBg=FFFFFF" width="" height="" class="absolute top-0 left-0" data-testid="productTileImage" alt="Meiomi California Pinot Noir Red Wine, 750 ml Bottle, 13.5% ABV"/></div><div class="z-2 absolute bottom--1"><div class="relative dib" data-id="185231322"><button class="w_hhLG w_8nsR w_jDfj pointer bn sans-serif b ph2 flex items-center justify-center w-auto shadow-1" type="button" data-pcss-hide="true" data-automation-id="add-to-cart" aria-label="Add to cart - Meiomi California Pinot Noir Red Wine, 750 ml Bottle, 13.5% ABV"><i class="ld ld-Plus" style="font-size:1.5rem;vertical-align:-0.25em;width:1.5rem;height:1.5rem;box-sizing:content-box" title="add to cart"></i><span class="mr2">Add</span></button></div></div></div><div class="mt5 mb0" style="height:24px" data-testid="variant-185231322"></div><div data-automation-id="product-price" class="flex flex-wrap justify-start items-center lh-title mb1-m"><div class="mr1 mr2-xl b black lh-copy f5 f4-l" aria-hidden="true">$17.98</div><span class="w_iUH7">current price $17.98</span><div class="gray mr1 f7 f6-l">70.9 ¢/fl oz</div></div><span class=""><span class="w_V_DM" style="-webkit-line-clamp:3;padding-bottom:0em;margin-bottom:-0em"><span data-automation-id="product-title" class="normal dark-gray mb0 mt1 lh-title f6 f5-l">Meiomi California Pinot Noir Red Wine, 750 ml Bottle, 13.5% ABV</span></span></span><div class="flex items-center mt2"><span class="black inline-flex mr1" data-testid="product-ratings" data-value="4.8"><i class="ld ld-StarFill" style="font-size:12px;vertical-align:-0.175em;width:12px;height:12px;box-sizing:content-box" aria-hidden="true"></i><i class="ld ld-StarFill" style="font-size:12px;vertical-align:-0.175em;width:12px;height:12px;box-sizing:content-box" aria-hidden="true"></i><i class="ld ld-StarFill" style="font-size:12px;vertical-align:-0.175em;width:12px;height:12px;box-sizing:content-box" aria-hidden="true"></i><i class="ld ld-StarFill" style="font-size:12px;vertical-align:-0.175em;width:12px;height:12px;box-sizing:content-box" aria-hidden="true"></i><i class="ld ld-StarFill" style="font-size:12px;vertical-align:-0.175em;width:12px;height:12px;box-sizing:content-box" aria-hidden="true"></i></span><span class="sans-serif gray f7" aria-hidden="true" data-testid="product-reviews" data-value="418">418</span><span class="w_iUH7">4.8 out of 5 Stars. 418 reviews</span></div><div></div><div class="mb2 mt2"><span class="w_iUH7">Available for Pickup or Delivery</span><span class="w_VbBP w_mFV6 w_I_19 w_3oNC w_AAn7 mr1 mt1 ph1" aria-hidden="true">Pickup</span><span class="w_VbBP w_mFV6 w_I_19 w_3oNC w_AAn7 mr1 mt1 ph1" aria-hidden="true">Delivery</span></div></div></li><li class="flex flex-column items-center pa1 pr2 pb2" data-slide="4"><div role="group" data-item-id="3939123491" class="sans-serif mid-gray relative flex flex-column w-100 h-100 hide-child-opacity" data-testid="product-tile-4" aria-label="Product"><a link-identifier="3939123491" class="absolute w-100 h-100 z-1 hide-sibling-opacity" target="" href="/ip/Starla-Wines-Non-Alcoholic-Red-Blend/3939123491?athcpid=3939123491&amp;athpgid=AthenaContentPage_7998220&amp;athcgid=null&amp;athznid=ItemCarousel_04efcecf-8ff6-49a1-92fa-aa11f5dcc052_items&amp;athieid=v0&amp;athstid=CS020&amp;athguid=NZweV7bKCjeEaERyHDHGZw0t96BAY2qGoaBn&amp;athancid=null&amp;athena=true"><span class="w_iUH7"><h3>Starla Wines Non- Alcoholic Red Blend</h3></span></a><div class="h2 relative mv2"></div><div class="relative"><div class="relative overflow-hidden" style="max-width:226px;height:0;padding-bottom:min(226px, 100%);align-self:center;width:min(226px, 100%)"><img loading="lazy" srcset="https://i5.walmartimages.com/asr/8c455a3c-a99f-446d-aeae-d7c05d798dd7.dda8b5da8597f052250f8a4ed53b4faf.jpeg?odnHeight=226&amp;odnWidth=226&amp;odnBg=FFFFFF 1x, https://i5.walmartimages.com/asr/8c455a3c-a99f-446d-aeae-d7c05d798dd7.dda8b5da8597f052250f8a4ed53b4faf.jpeg?odnHeight=576&amp;odnWidth=576&amp;odnBg=FFFFFF 2x" src="https://i5.walmartimages.com/asr/8c455a3c-a99f-446d-aeae-d7c05d798dd7.dda8b5da8597f052250f8a4ed53b4faf.jpeg?odnHeight=576&amp;odnWidth=576&amp;odnBg=FFFFFF" width="" height="" class="absolute top-0 left-0" data-testid="productTileImage" alt="Starla Wines Non- Alcoholic Red Blend"/></div><div class="z-2 absolute bottom--1"><div class="relative dib" data-id="3939123491"><button class="w_hhLG w_8nsR w_jDfj pointer bn sans-serif b ph2 flex items-center justify-center w-auto shadow-1" type="button" data-pcss-hide="true" data-automation-id="add-to-cart" aria-label="Add to cart - Starla Wines Non- Alcoholic Red Blend"><i class="ld ld-Plus" style="font-size:1.5rem;vertical-align:-0.25em;width:1.5rem;height:1.5rem;box-sizing:content-box" title="add to cart"></i><span class="mr2">Add</span></button></div></div></div><div class="mt5 mb0" style="height:24px" data-testid="variant-3939123491"></div><div data-automation-id="product-price" class="flex flex-wrap justify-start items-center lh-title mb1-m"><div class="mr1 mr2-xl b black lh-copy f5 f4-l" aria-hidden="true">$19.95</div><span class="w_iUH7">current price $19.95</span></div><span class=""><span class="w_V_DM" style="-webkit-line-clamp:3;padding-bottom:0em;margin-bottom:-0em"><span data-automation-id="product-title" class="normal dark-gray mb0 mt1 lh-title f6 f5-l">Starla Wines Non- Alcoholic Red Blend</span></span></span><div class="flex items-center mt2"><span class="black inline-flex mr1" data-testid="product-ratings" data-value="1"><i class="ld ld-StarFill" style="font-size:12px;vertical-align:-0.175em;width:12px;height:12px;box-sizing:content-box" aria-hidden="true"></i><i class="ld ld-Star" style="font-size:12px;vertical-align:-0.175em;width:12px;height:12px;box-sizing:content-box" aria-hidden="true"></i><i class="ld ld-Star" style="font-size:12px;vertical-align:-0.175em;width:12px;height:12px;box-sizing:content-box" aria-hidden="true"></i><i class="ld ld-Star" style="font-size:12px;vertical-align:-0.175em;width:12px;height:12px;box-sizing:content-box" aria-hidden="true"></i><i class="ld ld-Star" style="font-size:12px;vertical-align:-0.175em;width:12px;height:12px;box-sizing:content-box" aria-hidden="true"></i></span><span class="sans-serif gray f7" aria-hidden="true" data-testid="product-reviews" data-value="1">1</span><span class="w_iUH7">1 out of 5 Stars. 1 reviews</span></div><div></div><div class="mb2 mt2"><span class="w_iUH7">Available for 3+ day shipping</span><span class="w_VbBP w_mFV6 w_I_19 w_3oNC w_AAn7 mr1 mt1 ph1" aria-hidden="true">3+ day shipping</span></div></div></li><li class="flex flex-column items-center pa1 pr2 pb2" data-slide="5"><div role="group" data-item-id="10984605" class="sans-serif mid-gray relative flex flex-column w-100 h-100 hide-child-opacity" data-testid="product-tile-5" aria-label="Product"><a link-identifier="10984605" class="absolute w-100 h-100 z-1 hide-sibling-opacity" target="" href="/ip/Samuel-Adams-Cold-Snap-White-Ale-Seasonal-Craft-Beer-6-Pack-12-fl-oz-Bottles-5-3-ABV/10984605?athcpid=10984605&amp;athpgid=AthenaContentPage_7998220&amp;athcgid=null&amp;athznid=ItemCarousel_04efcecf-8ff6-49a1-92fa-aa11f5dcc052_items&amp;athieid=v0&amp;athstid=CS020&amp;athguid=NZweV7bKCjeEaERyHDHGZw0t96BAY2qGoaBn&amp;athancid=null&amp;athena=true&amp;athbdg=L1600"><span class="w_iUH7"><h3>Samuel Adams Cold Snap White Ale Seasonal Craft Beer, 6 Pack, 12 fl. oz. Bottles, 5.3% ABV</h3></span></a><div class="h2 relative mv2"><span class="w_VbBP w_mFV6 w_awtt w_3oNC w_3H8O tag-leading-badge absolute">Best seller</span></div><div class="relative"><div class="relative overflow-hidden" style="max-width:226px;height:0;padding-bottom:min(226px, 100%);align-self:center;width:min(226px, 100%)"><img loading="lazy" srcset="https://i5.walmartimages.com/asr/087353a3-ac0f-46d1-83fc-38e8abfa575b.64b1853d61ed6c8e7703c4237dbf516a.jpeg?odnHeight=226&amp;odnWidth=226&amp;odnBg=FFFFFF 1x, https://i5.walmartimages.com/asr/087353a3-ac0f-46d1-83fc-38e8abfa575b.64b1853d61ed6c8e7703c4237dbf516a.jpeg?odnHeight=576&amp;odnWidth=576&amp;odnBg=FFFFFF 2x" src="https://i5.walmartimages.com/asr/087353a3-ac0f-46d1-83fc-38e8abfa575b.64b1853d61ed6c8e7703c4237dbf516a.jpeg?odnHeight=576&amp;odnWidth=576&amp;odnBg=FFFFFF" width="" height="" class="absolute top-0 left-0" data-testid="productTileImage" alt="Samuel Adams Cold Snap White Ale Seasonal Craft Beer, 6 Pack, 12 fl. oz. Bottles, 5.3% ABV"/></div><div class="z-2 absolute bottom--1"><div class="relative dib" data-id="10984605"><button class="w_hhLG w_8nsR w_jDfj pointer bn sans-serif b ph2 flex items-center justify-center w-auto shadow-1" type="button" data-pcss-hide="true" data-automation-id="add-to-cart" aria-label="Add to cart - Samuel Adams Cold Snap White Ale Seasonal Craft Beer, 6 Pack, 12 fl. oz. Bottles, 5.3% ABV"><i class="ld ld-Plus" style="font-size:1.5rem;vertical-align:-0.25em;width:1.5rem;height:1.5rem;box-sizing:content-box" title="add to cart"></i><span class="mr2">Add</span></button></div></div></div><div class="mt5 mb0" style="height:24px" data-testid="variant-10984605"></div><div data-automation-id="product-price" class="flex flex-wrap justify-start items-center lh-title mb1-m"><div class="mr1 mr2-xl b black lh-copy f5 f4-l" aria-hidden="true">$9.98</div><span class="w_iUH7">current price $9.98</span><div class="gray mr1 f7 f6-l">13.9 ¢/fl oz</div></div><span class=""><span class="w_V_DM" style="-webkit-line-clamp:3;padding-bottom:0em;margin-bottom:-0em"><span data-automation-id="product-title" class="normal dark-gray mb0 mt1 lh-title f6 f5-l">Samuel Adams Cold Snap White Ale Seasonal Craft Beer, 6 Pack, 12 fl. oz. Bottles, 5.3% ABV</span></span></span><div></div><div class="mb2 mt2"><span class="w_iUH7">Available for Pickup or Delivery</span><span class="w_VbBP w_mFV6 w_I_19 w_3oNC w_AAn7 mr1 mt1 ph1" aria-hidden="true">Pickup</span><span class="w_VbBP w_mFV6 w_I_19 w_3oNC w_AAn7 mr1 mt1 ph1" aria-hidden="true">Delivery</span></div></div></li><li class="flex flex-column items-center pa1 pr2 pb2" data-slide="6"><div role="group" data-item-id="275601820" class="sans-serif mid-gray relative flex flex-column w-100 h-100 hide-child-opacity" data-testid="product-tile-6" aria-label="Product"><a link-identifier="275601820" class="absolute w-100 h-100 z-1 hide-sibling-opacity" target="" href="/ip/Samuel-Adams-Just-the-Haze-Non-Alcoholic-IPA-Craft-Beer-Alcohol-Free-6-Pack-12-fl-oz-Cans/275601820?athcpid=275601820&amp;athpgid=AthenaContentPage_7998220&amp;athcgid=null&amp;athznid=ItemCarousel_04efcecf-8ff6-49a1-92fa-aa11f5dcc052_items&amp;athieid=v0&amp;athstid=CS020&amp;athguid=NZweV7bKCjeEaERyHDHGZw0t96BAY2qGoaBn&amp;athancid=null&amp;athena=true"><span class="w_iUH7"><h3>Samuel Adams Just the Haze Non-Alcoholic IPA Craft Beer, Alcohol Free, 6 Pack, 12 fl. oz. Cans</h3></span></a><div class="h2 relative mv2"></div><div class="relative"><div class="relative overflow-hidden" style="max-width:226px;height:0;padding-bottom:min(226px, 100%);align-self:center;width:min(226px, 100%)"><img loading="lazy" srcset="https://i5.walmartimages.com/asr/461cfb1f-b281-49fb-aaac-fc7aea7e6cb2.0fdf304ac8982d4307c994ed985e3f80.jpeg?odnHeight=226&amp;odnWidth=226&amp;odnBg=FFFFFF 1x, https://i5.walmartimages.com/asr/461cfb1f-b281-49fb-aaac-fc7aea7e6cb2.0fdf304ac8982d4307c994ed985e3f80.jpeg?odnHeight=576&amp;odnWidth=576&amp;odnBg=FFFFFF 2x" src="https://i5.walmartimages.com/asr/461cfb1f-b281-49fb-aaac-fc7aea7e6cb2.0fdf304ac8982d4307c994ed985e3f80.jpeg?odnHeight=576&amp;odnWidth=576&amp;odnBg=FFFFFF" width="" height="" class="absolute top-0 left-0" data-testid="productTileImage" alt="Samuel Adams Just the Haze Non-Alcoholic IPA Craft Beer, Alcohol Free, 6 Pack, 12 fl. oz. Cans"/></div><div class="z-2 absolute bottom--1"><div class="relative dib" data-id="275601820"><button class="w_hhLG w_8nsR w_jDfj pointer bn sans-serif b ph2 flex items-center justify-center w-auto shadow-1" type="button" data-pcss-hide="true" data-automation-id="add-to-cart" aria-label="Add to cart - Samuel Adams Just the Haze Non-Alcoholic IPA Craft Beer, Alcohol Free, 6 Pack, 12 fl. oz. Cans"><i class="ld ld-Plus" style="font-size:1.5rem;vertical-align:-0.25em;width:1.5rem;height:1.5rem;box-sizing:content-box" title="add to cart"></i><span class="mr2">Add</span></button></div></div></div><div class="mt5 mb0" style="height:24px" data-testid="variant-275601820"></div><div data-automation-id="product-price" class="flex flex-wrap justify-start items-center lh-title mb1-m"><div class="mr1 mr2-xl b black lh-copy f5 f4-l" aria-hidden="true">$9.98</div><span class="w_iUH7">current price $9.98</span><div class="gray mr1 f7 f6-l">13.9 ¢/fl oz</div></div><span class=""><span class="w_V_DM" style="-webkit-line-clamp:3;padding-bottom:0em;margin-bottom:-0em"><span data-automation-id="product-title" class="normal dark-gray mb0 mt1 lh-title f6 f5-l">Samuel Adams Just the Haze Non-Alcoholic IPA Craft Beer, Alcohol Free, 6 Pack, 12 fl. oz. Cans</span></span></span><div class="flex items-center mt2"><span class="black inline-flex mr1" data-testid="product-ratings" data-value="4.6"><i class="ld ld-StarFill" style="font-size:12px;vertical-align:-0.175em;width:12px;height:12px;box-sizing:content-box" aria-hidden="true"></i><i class="ld ld-StarFill" style="font-size:12px;vertical-align:-0.175em;width:12px;height:12px;box-sizing:content-box" aria-hidden="true"></i><i class="ld ld-StarFill" style="font-size:12px;vertical-align:-0.175em;width:12px;height:12px;box-sizing:content-box" aria-hidden="true"></i><i class="ld ld-StarFill" style="font-size:12px;vertical-align:-0.175em;width:12px;height:12px;box-sizing:content-box" aria-hidden="true"></i><i class="ld ld-StarHalf" style="font-size:12px;vertical-align:-0.175em;width:12px;height:12px;box-sizing:content-box" aria-hidden="true"></i></span><span class="sans-serif gray f7" aria-hidden="true" data-testid="product-reviews" data-value="9">9</span><span class="w_iUH7">4.6 out of 5 Stars. 9 reviews</span></div><div></div><div class="mb2 mt2"><span class="w_iUH7">Available for Pickup or Delivery</span><span class="w_VbBP w_mFV6 w_I_19 w_3oNC w_AAn7 mr1 mt1 ph1" aria-hidden="true">Pickup</span><span class="w_VbBP w_mFV6 w_I_19 w_3oNC w_AAn7 mr1 mt1 ph1" aria-hidden="true">Delivery</span></div></div></li><li class="flex flex-column items-center pa1 pr2 pb2" data-slide="7"><div role="group" data-item-id="159191648" class="sans-serif mid-gray relative flex flex-column w-100 h-100 hide-child-opacity" data-testid="product-tile-7" aria-label="Product"><a link-identifier="159191648" class="absolute w-100 h-100 z-1 hide-sibling-opacity" target="" href="/ip/Smirnoff-Kissed-Caramel-Vodka-infused-with-Natural-Flavors-Gluten-Free-750-ml-30-ABV/159191648?athcpid=159191648&amp;athpgid=AthenaContentPage_7998220&amp;athcgid=null&amp;athznid=ItemCarousel_04efcecf-8ff6-49a1-92fa-aa11f5dcc052_items&amp;athieid=v0&amp;athstid=CS020&amp;athguid=NZweV7bKCjeEaERyHDHGZw0t96BAY2qGoaBn&amp;athancid=null&amp;athena=true"><span class="w_iUH7"><h3>Smirnoff Kissed Caramel (Vodka infused with Natural Flavors), Gluten Free, 750 ml, 30% ABV</h3></span></a><div class="h2 relative mv2"></div><div class="relative"><div class="relative overflow-hidden" style="max-width:226px;height:0;padding-bottom:min(226px, 100%);align-self:center;width:min(226px, 100%)"><img loading="lazy" srcset="https://i5.walmartimages.com/asr/249f36b6-14a0-44ee-b0ee-73869fd8c57e.679794560378f22f58ff37c7e5d7d486.jpeg?odnHeight=226&amp;odnWidth=226&amp;odnBg=FFFFFF 1x, https://i5.walmartimages.com/asr/249f36b6-14a0-44ee-b0ee-73869fd8c57e.679794560378f22f58ff37c7e5d7d486.jpeg?odnHeight=576&amp;odnWidth=576&amp;odnBg=FFFFFF 2x" src="https://i5.walmartimages.com/asr/249f36b6-14a0-44ee-b0ee-73869fd8c57e.679794560378f22f58ff37c7e5d7d486.jpeg?odnHeight=576&amp;odnWidth=576&amp;odnBg=FFFFFF" width="" height="" class="absolute top-0 left-0" data-testid="productTileImage" alt="Smirnoff Kissed Caramel (Vodka infused with Natural Flavors), Gluten Free, 750 ml, 30% ABV"/></div><div class="z-2 absolute bottom--1"><div class="relative dib" data-id="159191648"><button class="w_hhLG w_8nsR w_jDfj pointer bn sans-serif b ph2 flex items-center justify-center w-auto shadow-1" type="button" data-pcss-hide="true" data-automation-id="add-to-cart" aria-label="Add to cart - Smirnoff Kissed Caramel (Vodka infused with Natural Flavors), Gluten Free, 750 ml, 30% ABV"><i class="ld ld-Plus" style="font-size:1.5rem;vertical-align:-0.25em;width:1.5rem;height:1.5rem;box-sizing:content-box" title="add to cart"></i><span class="mr2">Add</span></button></div></div></div><div class="mt5 mb0" style="height:24px" data-testid="variant-159191648"></div><div data-automation-id="product-price" class="flex flex-wrap justify-start items-center lh-title mb1-m"><div class="mr1 mr2-xl b black lh-copy f5 f4-l" aria-hidden="true">$9.98</div><span class="w_iUH7">current price $9.98</span><div class="gray mr1 f7 f6-l">39.4 ¢/fl oz</div></div><span class=""><span class="w_V_DM" style="-webkit-line-clamp:3;padding-bottom:0em;margin-bottom:-0em"><span data-automation-id="product-title" class="normal dark-gray mb0 mt1 lh-title f6 f5-l">Smirnoff Kissed Caramel (Vodka infused with Natural Flavors), Gluten Free, 750 ml, 30% ABV</span></span></span><div class="flex items-center mt2"><span class="black inline-flex mr1" data-testid="product-ratings" data-value="4.6"><i class="ld ld-StarFill" style="font-size:12px;vertical-align:-0.175em;width:12px;height:12px;box-sizing:content-box" aria-hidden="true"></i><i class="ld ld-StarFill" style="font-size:12px;vertical-align:-0.175em;width:12px;height:12px;box-sizing:content-box" aria-hidden="true"></i><i class="ld ld-StarFill" style="font-size:12px;vertical-align:-0.175em;width:12px;height:12px;box-sizing:content-box" aria-hidden="true"></i><i class="ld ld-StarFill" style="font-size:12px;vertical-align:-0.175em;width:12px;height:12px;box-sizing:content-box" aria-hidden="true"></i><i class="ld ld-StarHalf" style="font-size:12px;vertical-align:-0.175em;width:12px;height:12px;box-sizing:content-box" aria-hidden="true"></i></span><span class="sans-serif gray f7" aria-hidden="true" data-testid="product-reviews" data-value="376">376</span><span class="w_iUH7">4.6 out of 5 Stars. 376 reviews</span></div><div></div><div class="mb2 mt2"><span class="w_iUH7">Available for Pickup or Delivery</span><span class="w_VbBP w_mFV6 w_I_19 w_3oNC w_AAn7 mr1 mt1 ph1" aria-hidden="true">Pickup</span><span class="w_VbBP w_mFV6 w_I_19 w_3oNC w_AAn7 mr1 mt1 ph1" aria-hidden="true">Delivery</span></div></div></li><li class="flex flex-column items-center pa1 pr2 pb2" data-slide="8"><div role="group" data-item-id="120796185" class="sans-serif mid-gray relative flex flex-column w-100 h-100 hide-child-opacity" data-testid="product-tile-8" aria-label="Product"><a link-identifier="120796185" class="absolute w-100 h-100 z-1 hide-sibling-opacity" target="" href="/ip/Bogle-Cabernet-Sauvignon-Wine-California-750ml-Glass-Bottle-14-5-ABV-5-5oz-Servings/120796185?athcpid=120796185&amp;athpgid=AthenaContentPage_7998220&amp;athcgid=null&amp;athznid=ItemCarousel_04efcecf-8ff6-49a1-92fa-aa11f5dcc052_items&amp;athieid=v0&amp;athstid=CS020&amp;athguid=NZweV7bKCjeEaERyHDHGZw0t96BAY2qGoaBn&amp;athancid=null&amp;athena=true&amp;athbdg=L1600"><span class="w_iUH7"><h3>Bogle Cabernet Sauvignon Wine, California, 750ml Glass Bottle, 14.5% ABV, 5- 5oz Servings</h3></span></a><div class="h2 relative mv2"><span class="w_VbBP w_mFV6 w_awtt w_3oNC w_3H8O tag-leading-badge absolute">Best seller</span></div><div class="relative"><div class="relative overflow-hidden" style="max-width:226px;height:0;padding-bottom:min(226px, 100%);align-self:center;width:min(226px, 100%)"><img loading="lazy" srcset="https://i5.walmartimages.com/asr/8f8de777-77bb-4a2a-b80e-ed1094aecdca.531f6ca696e1e1356a367aa90fb7e604.jpeg?odnHeight=226&amp;odnWidth=226&amp;odnBg=FFFFFF 1x, https://i5.walmartimages.com/asr/8f8de777-77bb-4a2a-b80e-ed1094aecdca.531f6ca696e1e1356a367aa90fb7e604.jpeg?odnHeight=576&amp;odnWidth=576&amp;odnBg=FFFFFF 2x" src="https://i5.walmartimages.com/asr/8f8de777-77bb-4a2a-b80e-ed1094aecdca.531f6ca696e1e1356a367aa90fb7e604.jpeg?odnHeight=576&amp;odnWidth=576&amp;odnBg=FFFFFF" width="" height="" class="absolute top-0 left-0" data-testid="productTileImage" alt="Bogle Cabernet Sauvignon Wine, California, 750ml Glass Bottle, 14.5% ABV, 5- 5oz Servings"/></div><div class="z-2 absolute bottom--1"><div class="relative dib" data-id="120796185"><button class="w_hhLG w_8nsR w_jDfj pointer bn sans-serif b ph2 flex items-center justify-center w-auto shadow-1" type="button" data-pcss-hide="true" data-automation-id="add-to-cart" aria-label="Add to cart - Bogle Cabernet Sauvignon Wine, California, 750ml Glass Bottle, 14.5% ABV, 5- 5oz Servings"><i class="ld ld-Plus" style="font-size:1.5rem;vertical-align:-0.25em;width:1.5rem;height:1.5rem;box-sizing:content-box" title="add to cart"></i><span class="mr2">Add</span></button></div></div></div><div class="mt5 mb0" style="height:24px" data-testid="variant-120796185"></div><div data-automation-id="product-price" class="flex flex-wrap justify-start items-center lh-title mb1-m"><div class="mr1 mr2-xl b black lh-copy f5 f4-l" aria-hidden="true">$8.98</div><span class="w_iUH7">current price $8.98</span><div class="gray mr1 f7 f6-l">35.4 ¢/fl oz</div></div><span class=""><span class="w_V_DM" style="-webkit-line-clamp:3;padding-bottom:0em;margin-bottom:-0em"><span data-automation-id="product-title" class="normal dark-gray mb0 mt1 lh-title f6 f5-l">Bogle Cabernet Sauvignon Wine, California, 750ml Glass Bottle, 14.5% ABV, 5- 5oz Servings</span></span></span><div class="flex items-center mt2"><span class="black inline-flex mr1" data-testid="product-ratings" data-value="4.9"><i class="ld ld-StarFill" style="font-size:12px;vertical-align:-0.175em;width:12px;height:12px;box-sizing:content-box" aria-hidden="true"></i><i class="ld ld-StarFill" style="font-size:12px;vertical-align:-0.175em;width:12px;height:12px;box-sizing:content-box" aria-hidden="true"></i><i class="ld ld-StarFill" style="font-size:12px;vertical-align:-0.175em;width:12px;height:12px;box-sizing:content-box" aria-hidden="true"></i><i class="ld ld-StarFill" style="font-size:12px;vertical-align:-0.175em;width:12px;height:12px;box-sizing:content-box" aria-hidden="true"></i><i class="ld ld-StarFill" style="font-size:12px;vertical-align:-0.175em;width:12px;height:12px;box-sizing:content-box" aria-hidden="true"></i></span><span class="sans-serif gray f7" aria-hidden="true" data-testid="product-reviews" data-value="7">7</span><span class="w_iUH7">4.9 out of 5 Stars. 7 reviews</span></div><div></div><div class="mb2 mt2"><span class="w_iUH7">Available for Pickup or Delivery</span><span class="w_VbBP w_mFV6 w_I_19 w_3oNC w_AAn7 mr1 mt1 ph1" aria-hidden="true">Pickup</span><span class="w_VbBP w_mFV6 w_I_19 w_3oNC w_AAn7 mr1 mt1 ph1" aria-hidden="true">Delivery</span></div></div></li><li class="flex flex-column items-center pa1 pr2 pb2" data-slide="9"><div role="group" data-item-id="191420088" class="sans-serif mid-gray relative flex flex-column w-100 h-100 hide-child-opacity" data-testid="product-tile-9" aria-label="Product"><a link-identifier="191420088" class="absolute w-100 h-100 z-1 hide-sibling-opacity" target="" href="/ip/Josh-Cellars-Cabernet-Sauvignon-Wine-750-ml-Bottle/191420088?athcpid=191420088&amp;athpgid=AthenaContentPage_7998220&amp;athcgid=null&amp;athznid=ItemCarousel_04efcecf-8ff6-49a1-92fa-aa11f5dcc052_items&amp;athieid=v0&amp;athstid=CS020&amp;athguid=NZweV7bKCjeEaERyHDHGZw0t96BAY2qGoaBn&amp;athancid=null&amp;athena=true&amp;athbdg=L1600"><span class="w_iUH7"><h3>Josh Cellars Cabernet Sauvignon Wine, 750 ml, Bottle</h3></span></a><div class="h2 relative mv2"><span class="w_VbBP w_mFV6 w_awtt w_3oNC w_3H8O tag-leading-badge absolute">Best seller</span></div><div class="relative"><div class="relative overflow-hidden" style="max-width:226px;height:0;padding-bottom:min(226px, 100%);align-self:center;width:min(226px, 100%)"><img loading="lazy" srcset="https://i5.walmartimages.com/asr/be5cc703-fe0a-49da-9db0-5bd9c563068b.0cd946b034bc3fca345ac7c6b3b6c5a6.jpeg?odnHeight=226&amp;odnWidth=226&amp;odnBg=FFFFFF 1x, https://i5.walmartimages.com/asr/be5cc703-fe0a-49da-9db0-5bd9c563068b.0cd946b034bc3fca345ac7c6b3b6c5a6.jpeg?odnHeight=576&amp;odnWidth=576&amp;odnBg=FFFFFF 2x" src="https://i5.walmartimages.com/asr/be5cc703-fe0a-49da-9db0-5bd9c563068b.0cd946b034bc3fca345ac7c6b3b6c5a6.jpeg?odnHeight=576&amp;odnWidth=576&amp;odnBg=FFFFFF" width="" height="" class="absolute top-0 left-0" data-testid="productTileImage" alt="Josh Cellars Cabernet Sauvignon Wine, 750 ml, Bottle"/></div><div class="z-2 absolute bottom--1"><div class="relative dib" data-id="191420088"><button class="w_hhLG w_8nsR w_jDfj pointer bn sans-serif b ph2 flex items-center justify-center w-auto shadow-1" type="button" data-pcss-hide="true" data-automation-id="add-to-cart" aria-label="Add to cart - Josh Cellars Cabernet Sauvignon Wine, 750 ml, Bottle"><i class="ld ld-Plus" style="font-size:1.5rem;vertical-align:-0.25em;width:1.5rem;height:1.5rem;box-sizing:content-box" title="add to cart"></i><span class="mr2">Add</span></button></div></div></div><div class="mt5 mb0" style="height:24px" data-testid="variant-191420088"></div><div data-automation-id="product-price" class="flex flex-wrap justify-start items-center lh-title mb1-m"><div class="mr1 mr2-xl b black lh-copy f5 f4-l" aria-hidden="true">$14.98</div><span class="w_iUH7">current price $14.98</span><div class="gray mr1 f7 f6-l">59.1 ¢/fl oz</div></div><span class=""><span class="w_V_DM" style="-webkit-line-clamp:3;padding-bottom:0em;margin-bottom:-0em"><span data-automation-id="product-title" class="normal dark-gray mb0 mt1 lh-title f6 f5-l">Josh Cellars Cabernet Sauvignon Wine, 750 ml, Bottle</span></span></span><div class="flex items-center mt2"><span class="black inline-flex mr1" data-testid="product-ratings" data-value="4.7"><i class="ld ld-StarFill" style="font-size:12px;vertical-align:-0.175em;width:12px;height:12px;box-sizing:content-box" aria-hidden="true"></i><i class="ld ld-StarFill" style="font-size:12px;vertical-align:-0.175em;width:12px;height:12px;box-sizing:content-box" aria-hidden="true"></i><i class="ld ld-StarFill" style="font-size:12px;vertical-align:-0.175em;width:12px;height:12px;box-sizing:content-box" aria-hidden="true"></i><i class="ld ld-StarFill" style="font-size:12px;vertical-align:-0.175em;width:12px;height:12px;box-sizing:content-box" aria-hidden="true"></i><i class="ld ld-StarHalf" style="font-size:12px;vertical-align:-0.175em;width:12px;height:12px;box-sizing:content-box" aria-hidden="true"></i></span><span class="sans-serif gray f7" aria-hidden="true" data-testid="product-reviews" data-value="225">225</span><span class="w_iUH7">4.7 out of 5 Stars. 225 reviews</span></div><div></div><div class="mb2 mt2"><span class="w_iUH7">Available for Pickup or Delivery</span><span class="w_VbBP w_mFV6 w_I_19 w_3oNC w_AAn7 mr1 mt1 ph1" aria-hidden="true">Pickup</span><span class="w_VbBP w_mFV6 w_I_19 w_3oNC w_AAn7 mr1 mt1 ph1" aria-hidden="true">Delivery</span></div></div></li><li class="flex flex-column items-center pa1 pr2 pb2" data-slide="10"><div role="group" data-item-id="22563370" class="sans-serif mid-gray relative flex flex-column w-100 h-100 hide-child-opacity" data-testid="product-tile-10" aria-label="Product"><a link-identifier="22563370" class="absolute w-100 h-100 z-1 hide-sibling-opacity" target="" href="/ip/Stella-Artois-Lager-12-Pack-Beer-11-2-fl-oz-Bottles-5-0-ABV/22563370?athcpid=22563370&amp;athpgid=AthenaContentPage_7998220&amp;athcgid=null&amp;athznid=ItemCarousel_04efcecf-8ff6-49a1-92fa-aa11f5dcc052_items&amp;athieid=v0&amp;athstid=CS020&amp;athguid=NZweV7bKCjeEaERyHDHGZw0t96BAY2qGoaBn&amp;athancid=null&amp;athena=true&amp;athbdg=L1600"><span class="w_iUH7"><h3>Stella Artois Lager, 12 Pack Beer, 11.2 fl oz Bottles, 5.0% ABV</h3></span></a><div class="h2 relative mv2"><span class="w_VbBP w_mFV6 w_awtt w_3oNC w_3H8O tag-leading-badge absolute">Best seller</span></div><div class="relative"><div class="relative overflow-hidden" style="max-width:226px;height:0;padding-bottom:min(226px, 100%);align-self:center;width:min(226px, 100%)"><img loading="lazy" srcset="https://i5.walmartimages.com/asr/84bdd2a4-3f6e-4d96-af50-f8c5ca4d474c.385049d1b9a9747f4b1c9fab548c70a9.jpeg?odnHeight=226&amp;odnWidth=226&amp;odnBg=FFFFFF 1x, https://i5.walmartimages.com/asr/84bdd2a4-3f6e-4d96-af50-f8c5ca4d474c.385049d1b9a9747f4b1c9fab548c70a9.jpeg?odnHeight=576&amp;odnWidth=576&amp;odnBg=FFFFFF 2x" src="https://i5.walmartimages.com/asr/84bdd2a4-3f6e-4d96-af50-f8c5ca4d474c.385049d1b9a9747f4b1c9fab548c70a9.jpeg?odnHeight=576&amp;odnWidth=576&amp;odnBg=FFFFFF" width="" height="" class="absolute top-0 left-0" data-testid="productTileImage" alt="Stella Artois Lager, 12 Pack Beer, 11.2 fl oz Bottles, 5.0% ABV"/></div><div class="z-2 absolute bottom--1"><div class="relative dib" data-id="22563370"><button class="w_hhLG w_8nsR w_jDfj pointer bn sans-serif b ph2 flex items-center justify-center w-auto shadow-1" type="button" data-pcss-hide="true" data-automation-id="add-to-cart" aria-label="Add to cart - Stella Artois Lager, 12 Pack Beer, 11.2 fl oz Bottles, 5.0% ABV"><i class="ld ld-Plus" style="font-size:1.5rem;vertical-align:-0.25em;width:1.5rem;height:1.5rem;box-sizing:content-box" title="add to cart"></i><span class="mr2">Add</span></button></div></div></div><div class="mt5 mb0" style="height:24px" data-testid="variant-22563370"></div><div data-automation-id="product-price" class="flex flex-wrap justify-start items-center lh-title mb1-m"><div class="mr1 mr2-xl b black lh-copy f5 f4-l" aria-hidden="true">$15.73</div><span class="w_iUH7">current price $15.73</span><div class="gray mr1 f7 f6-l">11.7 ¢/fl oz</div></div><span class=""><span class="w_V_DM" style="-webkit-line-clamp:3;padding-bottom:0em;margin-bottom:-0em"><span data-automation-id="product-title" class="normal dark-gray mb0 mt1 lh-title f6 f5-l">Stella Artois Lager, 12 Pack Beer, 11.2 fl oz Bottles, 5.0% ABV</span></span></span><div class="flex items-center mt2"><span class="black inline-flex mr1" data-testid="product-ratings" data-value="4.6"><i class="ld ld-StarFill" style="font-size:12px;vertical-align:-0.175em;width:12px;height:12px;box-sizing:content-box" aria-hidden="true"></i><i class="ld ld-StarFill" style="font-size:12px;vertical-align:-0.175em;width:12px;height:12px;box-sizing:content-box" aria-hidden="true"></i><i class="ld ld-StarFill" style="font-size:12px;vertical-align:-0.175em;width:12px;height:12px;box-sizing:content-box" aria-hidden="true"></i><i class="ld ld-StarFill" style="font-size:12px;vertical-align:-0.175em;width:12px;height:12px;box-sizing:content-box" aria-hidden="true"></i><i class="ld ld-StarHalf" style="font-size:12px;vertical-align:-0.175em;width:12px;height:12px;box-sizing:content-box" aria-hidden="true"></i></span><span class="sans-serif gray f7" aria-hidden="true" data-testid="product-reviews" data-value="78">78</span><span class="w_iUH7">4.6 out of 5 Stars. 78 reviews</span></div><div></div><div class="mb2 mt2"><span class="w_iUH7">Available for Pickup or Delivery</span><span class="w_VbBP w_mFV6 w_I_19 w_3oNC w_AAn7 mr1 mt1 ph1" aria-hidden="true">Pickup</span><span class="w_VbBP w_mFV6 w_I_19 w_3oNC w_AAn7 mr1 mt1 ph1" aria-hidden="true">Delivery</span></div></div></li><li class="flex flex-column items-center pa1 pr2 pb2" data-slide="11"><div role="group" data-item-id="164031908" class="sans-serif mid-gray relative flex flex-column w-100 h-100 hide-child-opacity" data-testid="product-tile-11" aria-label="Product"><a link-identifier="164031908" class="absolute w-100 h-100 z-1 hide-sibling-opacity" target="" href="/ip/Decoy-Cabernet-Sauvignon-Wine-750-ml-Bottle/164031908?athcpid=164031908&amp;athpgid=AthenaContentPage_7998220&amp;athcgid=null&amp;athznid=ItemCarousel_04efcecf-8ff6-49a1-92fa-aa11f5dcc052_items&amp;athieid=v0&amp;athstid=CS020&amp;athguid=NZweV7bKCjeEaERyHDHGZw0t96BAY2qGoaBn&amp;athancid=null&amp;athena=true"><span class="w_iUH7"><h3>Decoy Cabernet Sauvignon Wine, 750 ml, Bottle</h3></span></a><div class="h2 relative mv2"></div><div class="relative"><div class="relative overflow-hidden" style="max-width:226px;height:0;padding-bottom:min(226px, 100%);align-self:center;width:min(226px, 100%)"><img loading="lazy" srcset="https://i5.walmartimages.com/asr/3e59b71a-924c-4b87-b14f-0221e778d4c6.d52ef83baa118c60c3b543f055c3b86b.jpeg?odnHeight=226&amp;odnWidth=226&amp;odnBg=FFFFFF 1x, https://i5.walmartimages.com/asr/3e59b71a-924c-4b87-b14f-0221e778d4c6.d52ef83baa118c60c3b543f055c3b86b.jpeg?odnHeight=576&amp;odnWidth=576&amp;odnBg=FFFFFF 2x" src="https://i5.walmartimages.com/asr/3e59b71a-924c-4b87-b14f-0221e778d4c6.d52ef83baa118c60c3b543f055c3b86b.jpeg?odnHeight=576&amp;odnWidth=576&amp;odnBg=FFFFFF" width="" height="" class="absolute top-0 left-0" data-testid="productTileImage" alt="Decoy Cabernet Sauvignon Wine, 750 ml, Bottle"/></div><div class="z-2 absolute bottom--1"><div class="relative dib" data-id="164031908"><button class="w_hhLG w_8nsR w_jDfj pointer bn sans-serif b ph2 flex items-center justify-center w-auto shadow-1" type="button" data-pcss-hide="true" data-automation-id="add-to-cart" aria-label="Add to cart - Decoy Cabernet Sauvignon Wine, 750 ml, Bottle"><i class="ld ld-Plus" style="font-size:1.5rem;vertical-align:-0.25em;width:1.5rem;height:1.5rem;box-sizing:content-box" title="add to cart"></i><span class="mr2">Add</span></button></div></div></div><div class="mt5 mb0" style="height:24px" data-testid="variant-164031908"></div><div data-automation-id="product-price" class="flex flex-wrap justify-start items-center lh-title mb1-m"><div class="mr1 mr2-xl b black lh-copy f5 f4-l" aria-hidden="true">$19.98</div><span class="w_iUH7">current price $19.98</span><div class="gray mr1 f7 f6-l">78.7 ¢/fl oz</div></div><span class=""><span class="w_V_DM" style="-webkit-line-clamp:3;padding-bottom:0em;margin-bottom:-0em"><span data-automation-id="product-title" class="normal dark-gray mb0 mt1 lh-title f6 f5-l">Decoy Cabernet Sauvignon Wine, 750 ml, Bottle</span></span></span><div class="flex items-center mt2"><span class="black inline-flex mr1" data-testid="product-ratings" data-value="4.7"><i class="ld ld-StarFill" style="font-size:12px;vertical-align:-0.175em;width:12px;height:12px;box-sizing:content-box" aria-hidden="true"></i><i class="ld ld-StarFill" style="font-size:12px;vertical-align:-0.175em;width:12px;height:12px;box-sizing:content-box" aria-hidden="true"></i><i class="ld ld-StarFill" style="font-size:12px;vertical-align:-0.175em;width:12px;height:12px;box-sizing:content-box" aria-hidden="true"></i><i class="ld ld-StarFill" style="font-size:12px;vertical-align:-0.175em;width:12px;height:12px;box-sizing:content-box" aria-hidden="true"></i><i class="ld ld-StarHalf" style="font-size:12px;vertical-align:-0.175em;width:12px;height:12px;box-sizing:content-box" aria-hidden="true"></i></span><span class="sans-serif gray f7" aria-hidden="true" data-testid="product-reviews" data-value="28">28</span><span class="w_iUH7">4.7 out of 5 Stars. 28 reviews</span></div><div></div><div class="mb2 mt2"><span class="w_iUH7">Available for Pickup or Delivery</span><span class="w_VbBP w_mFV6 w_I_19 w_3oNC w_AAn7 mr1 mt1 ph1" aria-hidden="true">Pickup</span><span class="w_VbBP w_mFV6 w_I_19 w_3oNC w_AAn7 mr1 mt1 ph1" aria-hidden="true">Delivery</span></div></div></li><li class="flex flex-column items-center pa1 pr2 pb2" data-slide="12"><div role="group" data-item-id="186656072" class="sans-serif mid-gray relative flex flex-column w-100 h-100 hide-child-opacity" data-testid="product-tile-12" aria-label="Product"><a link-identifier="186656072" class="absolute w-100 h-100 z-1 hide-sibling-opacity" target="" href="/ip/Guinness-Draught-Beer-11-2oz-Bottles-6pk/186656072?athcpid=186656072&amp;athpgid=AthenaContentPage_7998220&amp;athcgid=null&amp;athznid=ItemCarousel_04efcecf-8ff6-49a1-92fa-aa11f5dcc052_items&amp;athieid=v0&amp;athstid=CS020&amp;athguid=NZweV7bKCjeEaERyHDHGZw0t96BAY2qGoaBn&amp;athancid=null&amp;athena=true"><span class="w_iUH7"><h3>Guinness Draught Beer, 11.2oz Bottles, 6pk</h3></span></a><div class="h2 relative mv2"></div><div class="relative"><div class="relative overflow-hidden" style="max-width:226px;height:0;padding-bottom:min(226px, 100%);align-self:center;width:min(226px, 100%)"><img loading="lazy" srcset="https://i5.walmartimages.com/asr/0854aedb-67a0-4042-8924-cb8b943a2cdf.ed030c9edb4d29f1831b5818dd6d5c47.jpeg?odnHeight=226&amp;odnWidth=226&amp;odnBg=FFFFFF 1x, https://i5.walmartimages.com/asr/0854aedb-67a0-4042-8924-cb8b943a2cdf.ed030c9edb4d29f1831b5818dd6d5c47.jpeg?odnHeight=576&amp;odnWidth=576&amp;odnBg=FFFFFF 2x" src="https://i5.walmartimages.com/asr/0854aedb-67a0-4042-8924-cb8b943a2cdf.ed030c9edb4d29f1831b5818dd6d5c47.jpeg?odnHeight=576&amp;odnWidth=576&amp;odnBg=FFFFFF" width="" height="" class="absolute top-0 left-0" data-testid="productTileImage" alt="Guinness Draught Beer, 11.2oz Bottles, 6pk"/></div><div class="z-2 absolute bottom--1"><div class="relative dib" data-id="186656072"><button class="w_hhLG w_8nsR w_jDfj pointer bn sans-serif b ph2 flex items-center justify-center w-auto shadow-1" type="button" data-pcss-hide="true" data-automation-id="add-to-cart" aria-label="Add to cart - Guinness Draught Beer, 11.2oz Bottles, 6pk"><i class="ld ld-Plus" style="font-size:1.5rem;vertical-align:-0.25em;width:1.5rem;height:1.5rem;box-sizing:content-box" title="add to cart"></i><span class="mr2">Add</span></button></div></div></div><div class="mt5 mb0" style="height:24px" data-testid="variant-186656072"></div><div data-automation-id="product-price" class="flex flex-wrap justify-start items-center lh-title mb1-m"><div class="mr1 mr2-xl b black lh-copy f5 f4-l" aria-hidden="true">$9.27</div><span class="w_iUH7">current price $9.27</span><div class="gray mr1 f7 f6-l">13.8 ¢/fl oz</div></div><span class=""><span class="w_V_DM" style="-webkit-line-clamp:3;padding-bottom:0em;margin-bottom:-0em"><span data-automation-id="product-title" class="normal dark-gray mb0 mt1 lh-title f6 f5-l">Guinness Draught Beer, 11.2oz Bottles, 6pk</span></span></span><div class="flex items-center mt2"><span class="black inline-flex mr1" data-testid="product-ratings" data-value="4.5"><i class="ld ld-StarFill" style="font-size:12px;vertical-align:-0.175em;width:12px;height:12px;box-sizing:content-box" aria-hidden="true"></i><i class="ld ld-StarFill" style="font-size:12px;vertical-align:-0.175em;width:12px;height:12px;box-sizing:content-box" aria-hidden="true"></i><i class="ld ld-StarFill" style="font-size:12px;vertical-align:-0.175em;width:12px;height:12px;box-sizing:content-box" aria-hidden="true"></i><i class="ld ld-StarFill" style="font-size:12px;vertical-align:-0.175em;width:12px;height:12px;box-sizing:content-box" aria-hidden="true"></i><i class="ld ld-StarHalf" style="font-size:12px;vertical-align:-0.175em;width:12px;height:12px;box-sizing:content-box" aria-hidden="true"></i></span><span class="sans-serif gray f7" aria-hidden="true" data-testid="product-reviews" data-value="316">316</span><span class="w_iUH7">4.5 out of 5 Stars. 316 reviews</span></div><div></div><div class="mb2 mt2"><span class="w_iUH7">Available for Pickup or Delivery</span><span class="w_VbBP w_mFV6 w_I_19 w_3oNC w_AAn7 mr1 mt1 ph1" aria-hidden="true">Pickup</span><span class="w_VbBP w_mFV6 w_I_19 w_3oNC w_AAn7 mr1 mt1 ph1" aria-hidden="true">Delivery</span></div></div></li><li class="flex flex-column items-center pa1 pr2 pb2" data-slide="13"><div role="group" data-item-id="936449833" class="sans-serif mid-gray relative flex flex-column w-100 h-100 hide-child-opacity" data-testid="product-tile-13" aria-label="Product"><a link-identifier="936449833" class="absolute w-100 h-100 z-1 hide-sibling-opacity" target="" href="/ip/Bread-Butter-Chardonnay-White-Wine-California-13-5-ABV-750ml-Glass-Bottle-5-150ml-Servings/936449833?athcpid=936449833&amp;athpgid=AthenaContentPage_7998220&amp;athcgid=null&amp;athznid=ItemCarousel_04efcecf-8ff6-49a1-92fa-aa11f5dcc052_items&amp;athieid=v0&amp;athstid=CS020&amp;athguid=NZweV7bKCjeEaERyHDHGZw0t96BAY2qGoaBn&amp;athancid=null&amp;athena=true"><span class="w_iUH7"><h3>Bread &amp; Butter Chardonnay White Wine, California, 13.5% ABV, 750ml Glass Bottle, 5-150ml Servings</h3></span></a><div class="h2 relative mv2"></div><div class="relative"><div class="relative overflow-hidden" style="max-width:226px;height:0;padding-bottom:min(226px, 100%);align-self:center;width:min(226px, 100%)"><img loading="lazy" srcset="https://i5.walmartimages.com/asr/2209d316-d252-4c5c-92d8-06b87542dcd6_1.dc5e30dd90407df29ab5920ad48d1908.jpeg?odnHeight=226&amp;odnWidth=226&amp;odnBg=FFFFFF 1x, https://i5.walmartimages.com/asr/2209d316-d252-4c5c-92d8-06b87542dcd6_1.dc5e30dd90407df29ab5920ad48d1908.jpeg?odnHeight=576&amp;odnWidth=576&amp;odnBg=FFFFFF 2x" src="https://i5.walmartimages.com/asr/2209d316-d252-4c5c-92d8-06b87542dcd6_1.dc5e30dd90407df29ab5920ad48d1908.jpeg?odnHeight=576&amp;odnWidth=576&amp;odnBg=FFFFFF" width="" height="" class="absolute top-0 left-0" data-testid="productTileImage" alt="Bread &amp; Butter Chardonnay White Wine, California, 13.5% ABV, 750ml Glass Bottle, 5-150ml Servings"/></div><div class="z-2 absolute bottom--1"><div class="relative dib" data-id="936449833"><button class="w_hhLG w_8nsR w_jDfj pointer bn sans-serif b ph2 flex items-center justify-center w-auto shadow-1" type="button" data-pcss-hide="true" data-automation-id="add-to-cart" aria-label="Add to cart - Bread &amp; Butter Chardonnay White Wine, California, 13.5% ABV, 750ml Glass Bottle, 5-150ml Servings"><i class="ld ld-Plus" style="font-size:1.5rem;vertical-align:-0.25em;width:1.5rem;height:1.5rem;box-sizing:content-box" title="add to cart"></i><span class="mr2">Add</span></button></div></div></div><div class="mt5 mb0" style="height:24px" data-testid="variant-936449833"></div><div data-automation-id="product-price" class="flex flex-wrap justify-start items-center lh-title mb1-m"><div class="mr1 mr2-xl b black lh-copy f5 f4-l" aria-hidden="true">$13.48</div><span class="w_iUH7">current price $13.48</span><div class="gray mr1 f7 f6-l">53.2 ¢/fl oz</div></div><span class=""><span class="w_V_DM" style="-webkit-line-clamp:3;padding-bottom:0em;margin-bottom:-0em"><span data-automation-id="product-title" class="normal dark-gray mb0 mt1 lh-title f6 f5-l">Bread &amp; Butter Chardonnay White Wine, California, 13.5% ABV, 750ml Glass Bottle, 5-150ml Servings</span></span></span><div class="flex items-center mt2"><span class="black inline-flex mr1" data-testid="product-ratings" data-value="4.5"><i class="ld ld-StarFill" style="font-size:12px;vertical-align:-0.175em;width:12px;height:12px;box-sizing:content-box" aria-hidden="true"></i><i class="ld ld-StarFill" style="font-size:12px;vertical-align:-0.175em;width:12px;height:12px;box-sizing:content-box" aria-hidden="true"></i><i class="ld ld-StarFill" style="font-size:12px;vertical-align:-0.175em;width:12px;height:12px;box-sizing:content-box" aria-hidden="true"></i><i class="ld ld-StarFill" style="font-size:12px;vertical-align:-0.175em;width:12px;height:12px;box-sizing:content-box" aria-hidden="true"></i><i class="ld ld-StarHalf" style="font-size:12px;vertical-align:-0.175em;width:12px;height:12px;box-sizing:content-box" aria-hidden="true"></i></span><span class="sans-serif gray f7" aria-hidden="true" data-testid="product-reviews" data-value="15">15</span><span class="w_iUH7">4.5 out of 5 Stars. 15 reviews</span></div><div></div><div class="mb2 mt2"><span class="w_iUH7">Available for Pickup or Delivery</span><span class="w_VbBP w_mFV6 w_I_19 w_3oNC w_AAn7 mr1 mt1 ph1" aria-hidden="true">Pickup</span><span class="w_VbBP w_mFV6 w_I_19 w_3oNC w_AAn7 mr1 mt1 ph1" aria-hidden="true">Delivery</span></div></div></li></ul><a link-identifier="horizontalScrollerNext" class="absolute dn z-5 bg-white br-100 pa0 pointer db-l br-100 nav-control right-1" aria-label="Next slide for Product Carousel list" data-testid="horizontal-scroller-next" role="button"><i class="ld ld-ChevronRight" style="font-size:1.5rem;vertical-align:-0.25em;padding:12px;width:1.5rem;height:1.5rem;box-sizing:content-box"></i></a></div></section></section></div> <div class="mv3 mv4-xl mh3 mb4-xl mb3 mr3-m mh0-l bb b--near-white" data-testid="HubSpokesNxM" id="HubSpokesNxM"><section><header class="flex justify-between items-baseline"><h2 class="w_kV33 w_Sl3f w_mvVb lh-title ma0">Hosting this year?</h2></header><div class="w_KPWk w_GxNv" role="list" id="Hubspokes4orNxMGrid"><div class="w_aoqv w_wRee w_EP2w w_myuK tc mt3 content-between flex-grow-0" role="listitem" id="GridColumn-0"><a link-identifier="3c48b94e-3d8a-49e7-9afb-980b4ede260c" class="no-underline sans-serif flex flex-column items-center" href="https://www.walmart.com/browse/household-essentials/food-prep-serve-store/1115193_3044946?povid=976759_HubSpoke_7998220_Hosting_FoodPrep_103123"><img loading="lazy" srcset="https://i5.walmartimages.com/dfw/4ff9c6c9-5188/k2-_8e0bdf50-6342-4bec-802c-5963421a4681.v1.png?odnHeight=290&amp;odnWidth=290&amp;odnBg=FFFFFF 1x," src="https://i5.walmartimages.com/dfw/4ff9c6c9-5188/k2-_8e0bdf50-6342-4bec-802c-5963421a4681.v1.png?odnHeight=290&amp;odnWidth=290&amp;odnBg=FFFFFF" alt="" class="w-100 h-auto" width="290" height="290" style="width:;height:;max-width:290px"/><div class="w-100 tc"><span class="ma0 mid-gray lh-copy f5-l w_V_DM" style="height:">Food prep</span></div></a></div><div class="w_aoqv w_wRee w_EP2w w_myuK tc mt3 content-between flex-grow-0" role="listitem" id="GridColumn-1"><a link-identifier="1ba2a2ec-b563-4793-b1ab-17729648dbb8" class="no-underline sans-serif flex flex-column items-center" href="https://walmart.com/shop/deals/all-home/home-hosting-essentials?povid=976759_HubSpoke_7998220_Hosting_Kitchen_103123"><img loading="lazy" srcset="https://i5.walmartimages.com/dfw/4ff9c6c9-965e/k2-_6880845d-2389-4cb9-a7a7-a9c83ee5bd24.v1.png?odnHeight=290&amp;odnWidth=290&amp;odnBg=FFFFFF 1x," src="https://i5.walmartimages.com/dfw/4ff9c6c9-965e/k2-_6880845d-2389-4cb9-a7a7-a9c83ee5bd24.v1.png?odnHeight=290&amp;odnWidth=290&amp;odnBg=FFFFFF" alt="" class="w-100 h-auto" width="290" height="290" style="width:;height:;max-width:290px"/><div class="w-100 tc"><span class="ma0 mid-gray lh-copy f5-l w_V_DM" style="height:">Last minute home needs</span></div></a></div><div class="w_aoqv w_wRee w_EP2w w_myuK tc mt3 content-between flex-grow-0" role="listitem" id="GridColumn-2"><a link-identifier="b773e0c9-9d77-402f-a755-036b0fd7e5d7" class="no-underline sans-serif flex flex-column items-center" href="https://www.walmart.com/browse/2637_8854151?povid=976759_HubSpoke_7998220_Hosting_PartySupplies_103123"><img loading="lazy" srcset="https://i5.walmartimages.com/dfw/4ff9c6c9-fb3e/k2-_3427570e-e2a1-4ff7-b323-083bec5ea7d6.v1.jpg?odnHeight=290&amp;odnWidth=290&amp;odnBg=FFFFFF 1x," src="https://i5.walmartimages.com/dfw/4ff9c6c9-fb3e/k2-_3427570e-e2a1-4ff7-b323-083bec5ea7d6.v1.jpg?odnHeight=290&amp;odnWidth=290&amp;odnBg=FFFFFF" alt="" class="w-100 h-auto" width="290" height="290" style="width:;height:;max-width:290px"/><div class="w-100 tc"><span class="ma0 mid-gray lh-copy f5-l w_V_DM" style="height:">Party supplies</span></div></a></div><div class="w_aoqv w_wRee w_EP2w w_myuK tc mt3 content-between flex-grow-0" role="listitem" id="GridColumn-3"><a link-identifier="055d9b3a-baa7-49b9-a0c9-17c6979ee301" class="no-underline sans-serif flex flex-column items-center" href="https://www.walmart.com/browse/household-essentials/dishwashing/1115193_1071966_7583868?povid=976759_HubSpoke_7998220_Hosting_CleanUp_103123"><img loading="lazy" srcset="https://i5.walmartimages.com/dfw/4ff9c6c9-7711/k2-_9094005c-dfee-4e99-8c67-5ffee4789389.v1.png?odnHeight=290&amp;odnWidth=290&amp;odnBg=FFFFFF 1x," src="https://i5.walmartimages.com/dfw/4ff9c6c9-7711/k2-_9094005c-dfee-4e99-8c67-5ffee4789389.v1.png?odnHeight=290&amp;odnWidth=290&amp;odnBg=FFFFFF" alt="" class="w-100 h-auto" width="290" height="290" style="width:;height:;max-width:290px"/><div class="w-100 tc"><span class="ma0 mid-gray lh-copy f5-l w_V_DM" style="height:">Clean up</span></div></a></div></div></section></div> <div class="mv3 mv4-xl ml3 ml0-l bb b--near-white"><section><section><header class="flex justify-between mb3 mb2-m pr3 pr4-m pr0-xl items-baseline"><section style="flex:1"><div><div><div class="inline-flex "><h2 class="f4 f3-m lh-title ma0 ">No fuss sides</h2></div></div></div></section><a link-identifier="View all" class="black f6" href="https://www.walmart.com/browse/food/holiday-sides/976759_1567409_7998220_4305948_7268634?povid=976759_ItemCarousel_7998220_Sides_101723">View all</a></header><div class="flex flex-column justify-center relative" data-testid="horizontal-scroller-Product Carousel"><a link-identifier="horizontalScrollerPrevious" class="absolute dn z-5 bg-white br-100 pa0 pointer hidden-child br-100 nav-control left-1" aria-label="Previous slide for Product Carousel list" data-testid="horizontal-scroller-previous" role="button"><i class="ld ld-ChevronLeft" style="font-size:1.5rem;vertical-align:-0.25em;padding:12px;width:1.5rem;height:1.5rem;box-sizing:content-box"></i></a><ul style="display:grid;grid-auto-flow:column;scroll-snap-type:x mandatory;max-height:fit-content" class="list ma0 pl0 overflow-x-scroll hidesb hidesb-wk relative overflow-y-hidden carousel-peek-2 carousel-6-l carousel-3-m pr3-m" data-testid="carousel-container"><li class="flex flex-column items-center pa1 pr2 pb2" data-slide="0"><div role="group" data-item-id="564429459" class="sans-serif mid-gray relative flex flex-column w-100 h-100 hide-child-opacity" data-testid="product-tile-0" aria-label="Product"><a link-identifier="564429459" class="absolute w-100 h-100 z-1 hide-sibling-opacity" target="" href="/ip/Taylor-Farms-Family-Size-Sweet-Kale-Chopped-Salad-Kit-22-oz-Bag-Fresh/564429459?athcpid=564429459&amp;athpgid=AthenaContentPage_7998220&amp;athcgid=null&amp;athznid=ItemCarousel_2d153eac-6031-4d14-8bf7-9be8cf8dcc30_items&amp;athieid=v0&amp;athstid=CS020&amp;athguid=NZweV7bKCjeEaERyHDHGZw0t96BAY2qGoaBn&amp;athancid=null&amp;athena=true"><span class="w_iUH7"><h3>Taylor Farms Family Size Sweet Kale Chopped Salad Kit, 22 oz Bag, Fresh</h3></span></a><div class="h2 relative mv2"></div><div class="relative"><div class="relative overflow-hidden" style="max-width:226px;height:0;padding-bottom:min(226px, 100%);align-self:center;width:min(226px, 100%)"><img loading="lazy" srcset="https://i5.walmartimages.com/asr/df21a8ff-0a40-47fa-8650-a6006d2264bb.d0f7f2f720032b6eb4ba6511846933af.jpeg?odnHeight=226&amp;odnWidth=226&amp;odnBg=FFFFFF 1x, https://i5.walmartimages.com/asr/df21a8ff-0a40-47fa-8650-a6006d2264bb.d0f7f2f720032b6eb4ba6511846933af.jpeg?odnHeight=576&amp;odnWidth=576&amp;odnBg=FFFFFF 2x" src="https://i5.walmartimages.com/asr/df21a8ff-0a40-47fa-8650-a6006d2264bb.d0f7f2f720032b6eb4ba6511846933af.jpeg?odnHeight=576&amp;odnWidth=576&amp;odnBg=FFFFFF" width="" height="" class="absolute top-0 left-0" data-testid="productTileImage" alt="Taylor Farms Family Size Sweet Kale Chopped Salad Kit, 22 oz Bag, Fresh"/></div><div class="z-2 absolute bottom--1"><div class="relative dib" data-id="564429459"><button class="w_hhLG w_8nsR w_jDfj pointer bn sans-serif b ph2 flex items-center justify-center w-auto shadow-1" type="button" data-pcss-hide="true" data-automation-id="add-to-cart" aria-label="Add to cart - Taylor Farms Family Size Sweet Kale Chopped Salad Kit, 22 oz Bag, Fresh"><i class="ld ld-Plus" style="font-size:1.5rem;vertical-align:-0.25em;width:1.5rem;height:1.5rem;box-sizing:content-box" title="add to cart"></i><span class="mr2">Add</span></button></div></div></div><div class="mt5 mb0" style="height:24px" data-testid="variant-564429459"></div><div data-automation-id="product-price" class="flex flex-wrap justify-start items-center lh-title mb1-m"><div class="mr1 mr2-xl b black lh-copy f5 f4-l" aria-hidden="true">$4.98</div><span class="w_iUH7">current price $4.98</span><div class="gray mr1 f7 f6-l">22.3 ¢/oz</div></div><span class=""><span class="w_V_DM" style="-webkit-line-clamp:3;padding-bottom:0em;margin-bottom:-0em"><span data-automation-id="product-title" class="normal dark-gray mb0 mt1 lh-title f6 f5-l">Taylor Farms Family Size Sweet Kale Chopped Salad Kit, 22 oz Bag, Fresh</span></span></span><div></div><div class="mb2 mt2"><span class="w_iUH7">Available for Pickup or Delivery</span><span class="w_VbBP w_mFV6 w_I_19 w_3oNC w_AAn7 mr1 mt1 ph1" aria-hidden="true">Pickup</span><span class="w_VbBP w_mFV6 w_I_19 w_3oNC w_AAn7 mr1 mt1 ph1" aria-hidden="true">Delivery</span></div></div></li><li class="flex flex-column items-center pa1 pr2 pb2" data-slide="1"><div role="group" data-item-id="751829055" class="sans-serif mid-gray relative flex flex-column w-100 h-100 hide-child-opacity" data-testid="product-tile-1" aria-label="Product"><a link-identifier="751829055" class="absolute w-100 h-100 z-1 hide-sibling-opacity" target="" href="/ip/Pepperidge-Farm-Herb-Seasoned-Classic-Stuffing-12-oz-Bag/751829055?athcpid=751829055&amp;athpgid=AthenaContentPage_7998220&amp;athcgid=null&amp;athznid=ItemCarousel_2d153eac-6031-4d14-8bf7-9be8cf8dcc30_items&amp;athieid=v0&amp;athstid=CS020&amp;athguid=NZweV7bKCjeEaERyHDHGZw0t96BAY2qGoaBn&amp;athancid=null&amp;athena=true"><span class="w_iUH7"><h3>Pepperidge Farm Herb Seasoned Classic Stuffing, 12 oz. Bag</h3></span></a><div class="h2 relative mv2"></div><div class="relative"><div class="relative overflow-hidden" style="max-width:226px;height:0;padding-bottom:min(226px, 100%);align-self:center;width:min(226px, 100%)"><img loading="lazy" srcset="https://i5.walmartimages.com/asr/3102068f-05bd-4421-89b4-88c884b39839.ccc04a26efc9e1d1792f2f6610254202.jpeg?odnHeight=226&amp;odnWidth=226&amp;odnBg=FFFFFF 1x, https://i5.walmartimages.com/asr/3102068f-05bd-4421-89b4-88c884b39839.ccc04a26efc9e1d1792f2f6610254202.jpeg?odnHeight=576&amp;odnWidth=576&amp;odnBg=FFFFFF 2x" src="https://i5.walmartimages.com/asr/3102068f-05bd-4421-89b4-88c884b39839.ccc04a26efc9e1d1792f2f6610254202.jpeg?odnHeight=576&amp;odnWidth=576&amp;odnBg=FFFFFF" width="" height="" class="absolute top-0 left-0" data-testid="productTileImage" alt="Pepperidge Farm Herb Seasoned Classic Stuffing, 12 oz. Bag"/></div><div class="z-2 absolute bottom--1"><div class="relative dib" data-id="751829055"><button class="w_hhLG w_8nsR w_jDfj pointer bn sans-serif b ph2 flex items-center justify-center w-auto shadow-1" type="button" data-pcss-hide="true" data-automation-id="add-to-cart" aria-label="Add to cart - Pepperidge Farm Herb Seasoned Classic Stuffing, 12 oz. Bag"><i class="ld ld-Plus" style="font-size:1.5rem;vertical-align:-0.25em;width:1.5rem;height:1.5rem;box-sizing:content-box" title="add to cart"></i><span class="mr2">Add</span></button></div></div></div><div class="mt5 mb0" style="height:24px" data-testid="variant-751829055"></div><div data-automation-id="product-price" class="flex flex-wrap justify-start items-center lh-title mb1-m"><div class="mr1 mr2-xl b black green lh-copy f5 f4-l" aria-hidden="true">Now $6.98</div><span class="w_iUH7">current price Now $6.98</span><div class="gray mr1 strike f7 f6-l" aria-hidden="true">$9.99</div><span class="w_iUH7">Was $9.99</span><div class="gray mr1 f7 f6-l">58.2 ¢/oz</div></div><span class=""><span class="w_V_DM" style="-webkit-line-clamp:3;padding-bottom:0em;margin-bottom:-0em"><span data-automation-id="product-title" class="normal dark-gray mb0 mt1 lh-title f6 f5-l">Pepperidge Farm Herb Seasoned Classic Stuffing, 12 oz. Bag</span></span></span><div class="flex items-center mt2"><span class="black inline-flex mr1" data-testid="product-ratings" data-value="4.3"><i class="ld ld-StarFill" style="font-size:12px;vertical-align:-0.175em;width:12px;height:12px;box-sizing:content-box" aria-hidden="true"></i><i class="ld ld-StarFill" style="font-size:12px;vertical-align:-0.175em;width:12px;height:12px;box-sizing:content-box" aria-hidden="true"></i><i class="ld ld-StarFill" style="font-size:12px;vertical-align:-0.175em;width:12px;height:12px;box-sizing:content-box" aria-hidden="true"></i><i class="ld ld-StarFill" style="font-size:12px;vertical-align:-0.175em;width:12px;height:12px;box-sizing:content-box" aria-hidden="true"></i><i class="ld ld-StarHalf" style="font-size:12px;vertical-align:-0.175em;width:12px;height:12px;box-sizing:content-box" aria-hidden="true"></i></span><span class="sans-serif gray f7" aria-hidden="true" data-testid="product-reviews" data-value="275">275</span><span class="w_iUH7">4.3 out of 5 Stars. 275 reviews</span></div><div></div><div class="mb2 mt2"><span class="w_iUH7">Available for 3+ day shipping</span><span class="w_VbBP w_mFV6 w_I_19 w_3oNC w_AAn7 mr1 mt1 ph1" aria-hidden="true">3+ day shipping</span></div></div></li><li class="flex flex-column items-center pa1 pr2 pb2" data-slide="2"><div role="group" data-item-id="10309115" class="sans-serif mid-gray relative flex flex-column w-100 h-100 hide-child-opacity" data-testid="product-tile-2" aria-label="Product"><a link-identifier="10309115" class="absolute w-100 h-100 z-1 hide-sibling-opacity" target="" href="/ip/Bob-Evans-Real-Cheddar-Macaroni-Cheese-20-oz-Tray-Refrigerated/10309115?athcpid=10309115&amp;athpgid=AthenaContentPage_7998220&amp;athcgid=null&amp;athznid=ItemCarousel_2d153eac-6031-4d14-8bf7-9be8cf8dcc30_items&amp;athieid=v0&amp;athstid=CS020&amp;athguid=NZweV7bKCjeEaERyHDHGZw0t96BAY2qGoaBn&amp;athancid=null&amp;athena=true&amp;athbdg=L1600"><span class="w_iUH7"><h3>Bob Evans Real Cheddar Macaroni &amp; Cheese, 20 oz Tray (Refrigerated)</h3></span></a><div class="h2 relative mv2"><span class="w_VbBP w_mFV6 w_awtt w_3oNC w_3H8O tag-leading-badge absolute">Best seller</span></div><div class="relative"><div class="relative overflow-hidden" style="max-width:226px;height:0;padding-bottom:min(226px, 100%);align-self:center;width:min(226px, 100%)"><img loading="lazy" srcset="https://i5.walmartimages.com/asr/6b591e27-3085-4779-a89a-3173ca8fe647.7413defde162fb88264727b86c8a3810.jpeg?odnHeight=226&amp;odnWidth=226&amp;odnBg=FFFFFF 1x, https://i5.walmartimages.com/asr/6b591e27-3085-4779-a89a-3173ca8fe647.7413defde162fb88264727b86c8a3810.jpeg?odnHeight=576&amp;odnWidth=576&amp;odnBg=FFFFFF 2x" src="https://i5.walmartimages.com/asr/6b591e27-3085-4779-a89a-3173ca8fe647.7413defde162fb88264727b86c8a3810.jpeg?odnHeight=576&amp;odnWidth=576&amp;odnBg=FFFFFF" width="" height="" class="absolute top-0 left-0" data-testid="productTileImage" alt="Bob Evans Real Cheddar Macaroni &amp; Cheese, 20 oz Tray (Refrigerated)"/></div><div class="z-2 absolute bottom--1"><div class="relative dib" data-id="10309115"><button class="w_hhLG w_8nsR w_jDfj pointer bn sans-serif b ph2 flex items-center justify-center w-auto shadow-1" type="button" data-pcss-hide="true" data-automation-id="add-to-cart" aria-label="Add to cart - Bob Evans Real Cheddar Macaroni &amp; Cheese, 20 oz Tray (Refrigerated)"><i class="ld ld-Plus" style="font-size:1.5rem;vertical-align:-0.25em;width:1.5rem;height:1.5rem;box-sizing:content-box" title="add to cart"></i><span class="mr2">Add</span></button></div></div></div><div class="mt5 mb0" style="height:24px" data-testid="variant-10309115"></div><div data-automation-id="product-price" class="flex flex-wrap justify-start items-center lh-title mb1-m"><div class="mr1 mr2-xl b black green lh-copy f5 f4-l" aria-hidden="true">Now $3.47</div><span class="w_iUH7">current price Now $3.47</span><div class="gray mr1 strike f7 f6-l" aria-hidden="true">$4.12</div><span class="w_iUH7">Was $4.12</span><div class="gray mr1 f7 f6-l">17.4 ¢/oz</div></div><span class=""><span class="w_V_DM" style="-webkit-line-clamp:3;padding-bottom:0em;margin-bottom:-0em"><span data-automation-id="product-title" class="normal dark-gray mb0 mt1 lh-title f6 f5-l">Bob Evans Real Cheddar Macaroni &amp; Cheese, 20 oz Tray (Refrigerated)</span></span></span><div class="flex items-center mt2"><span class="black inline-flex mr1" data-testid="product-ratings" data-value="3.7"><i class="ld ld-StarFill" style="font-size:12px;vertical-align:-0.175em;width:12px;height:12px;box-sizing:content-box" aria-hidden="true"></i><i class="ld ld-StarFill" style="font-size:12px;vertical-align:-0.175em;width:12px;height:12px;box-sizing:content-box" aria-hidden="true"></i><i class="ld ld-StarFill" style="font-size:12px;vertical-align:-0.175em;width:12px;height:12px;box-sizing:content-box" aria-hidden="true"></i><i class="ld ld-StarHalf" style="font-size:12px;vertical-align:-0.175em;width:12px;height:12px;box-sizing:content-box" aria-hidden="true"></i><i class="ld ld-Star" style="font-size:12px;vertical-align:-0.175em;width:12px;height:12px;box-sizing:content-box" aria-hidden="true"></i></span><span class="sans-serif gray f7" aria-hidden="true" data-testid="product-reviews" data-value="299">299</span><span class="w_iUH7">3.7 out of 5 Stars. 299 reviews</span></div><div></div><div class="mb2 mt2"><span class="w_iUH7">Available for Pickup or Delivery</span><span class="w_VbBP w_mFV6 w_I_19 w_3oNC w_AAn7 mr1 mt1 ph1" aria-hidden="true">Pickup</span><span class="w_VbBP w_mFV6 w_I_19 w_3oNC w_AAn7 mr1 mt1 ph1" aria-hidden="true">Delivery</span></div></div></li><li class="flex flex-column items-center pa1 pr2 pb2" data-slide="3"><div role="group" data-item-id="10309114" class="sans-serif mid-gray relative flex flex-column w-100 h-100 hide-child-opacity" data-testid="product-tile-3" aria-label="Product"><a link-identifier="10309114" class="absolute w-100 h-100 z-1 hide-sibling-opacity" target="" href="/ip/Bob-Evans-Gluten-Free-Original-Mashed-Potatoes-Tray-24-oz-Refrigerated/10309114?athcpid=10309114&amp;athpgid=AthenaContentPage_7998220&amp;athcgid=null&amp;athznid=ItemCarousel_2d153eac-6031-4d14-8bf7-9be8cf8dcc30_items&amp;athieid=v0&amp;athstid=CS020&amp;athguid=NZweV7bKCjeEaERyHDHGZw0t96BAY2qGoaBn&amp;athancid=null&amp;athena=true&amp;athbdg=L1600"><span class="w_iUH7"><h3>Bob Evans Gluten-Free Original Mashed Potatoes Tray, 24 oz (Refrigerated)</h3></span></a><div class="h2 relative mv2"><span class="w_VbBP w_mFV6 w_awtt w_3oNC w_3H8O tag-leading-badge absolute">Best seller</span></div><div class="relative"><div class="relative overflow-hidden" style="max-width:226px;height:0;padding-bottom:min(226px, 100%);align-self:center;width:min(226px, 100%)"><img loading="lazy" srcset="https://i5.walmartimages.com/asr/e1d56888-35f5-48ad-911f-3991ad8f64a9.13213be29c1fb9e5dc859500ad9b9833.jpeg?odnHeight=226&amp;odnWidth=226&amp;odnBg=FFFFFF 1x, https://i5.walmartimages.com/asr/e1d56888-35f5-48ad-911f-3991ad8f64a9.13213be29c1fb9e5dc859500ad9b9833.jpeg?odnHeight=576&amp;odnWidth=576&amp;odnBg=FFFFFF 2x" src="https://i5.walmartimages.com/asr/e1d56888-35f5-48ad-911f-3991ad8f64a9.13213be29c1fb9e5dc859500ad9b9833.jpeg?odnHeight=576&amp;odnWidth=576&amp;odnBg=FFFFFF" width="" height="" class="absolute top-0 left-0" data-testid="productTileImage" alt="Bob Evans Gluten-Free Original Mashed Potatoes Tray, 24 oz (Refrigerated)"/></div><div class="z-2 absolute bottom--1"><div class="relative dib" data-id="10309114"><button class="w_hhLG w_8nsR w_jDfj pointer bn sans-serif b ph2 flex items-center justify-center w-auto shadow-1" type="button" data-pcss-hide="true" data-automation-id="add-to-cart" aria-label="Add to cart - Bob Evans Gluten-Free Original Mashed Potatoes Tray, 24 oz (Refrigerated)"><i class="ld ld-Plus" style="font-size:1.5rem;vertical-align:-0.25em;width:1.5rem;height:1.5rem;box-sizing:content-box" title="add to cart"></i><span class="mr2">Add</span></button></div></div></div><div class="mt5 mb0" style="height:24px" data-testid="variant-10309114"></div><div data-automation-id="product-price" class="flex flex-wrap justify-start items-center lh-title mb1-m"><div class="mr1 mr2-xl b black green lh-copy f5 f4-l" aria-hidden="true">Now $3.47</div><span class="w_iUH7">current price Now $3.47</span><div class="gray mr1 strike f7 f6-l" aria-hidden="true">$4.12</div><span class="w_iUH7">Was $4.12</span><div class="gray mr1 f7 f6-l">14.5 ¢/oz</div></div><span class=""><span class="w_V_DM" style="-webkit-line-clamp:3;padding-bottom:0em;margin-bottom:-0em"><span data-automation-id="product-title" class="normal dark-gray mb0 mt1 lh-title f6 f5-l">Bob Evans Gluten-Free Original Mashed Potatoes Tray, 24 oz (Refrigerated)</span></span></span><div class="flex items-center mt2"><span class="black inline-flex mr1" data-testid="product-ratings" data-value="4.2"><i class="ld ld-StarFill" style="font-size:12px;vertical-align:-0.175em;width:12px;height:12px;box-sizing:content-box" aria-hidden="true"></i><i class="ld ld-StarFill" style="font-size:12px;vertical-align:-0.175em;width:12px;height:12px;box-sizing:content-box" aria-hidden="true"></i><i class="ld ld-StarFill" style="font-size:12px;vertical-align:-0.175em;width:12px;height:12px;box-sizing:content-box" aria-hidden="true"></i><i class="ld ld-StarFill" style="font-size:12px;vertical-align:-0.175em;width:12px;height:12px;box-sizing:content-box" aria-hidden="true"></i><i class="ld ld-Star" style="font-size:12px;vertical-align:-0.175em;width:12px;height:12px;box-sizing:content-box" aria-hidden="true"></i></span><span class="sans-serif gray f7" aria-hidden="true" data-testid="product-reviews" data-value="562">562</span><span class="w_iUH7">4.2 out of 5 Stars. 562 reviews</span></div><div></div><div class="mb2 mt2"><span class="w_iUH7">Available for Pickup or Delivery</span><span class="w_VbBP w_mFV6 w_I_19 w_3oNC w_AAn7 mr1 mt1 ph1" aria-hidden="true">Pickup</span><span class="w_VbBP w_mFV6 w_I_19 w_3oNC w_AAn7 mr1 mt1 ph1" aria-hidden="true">Delivery</span></div></div></li><li class="flex flex-column items-center pa1 pr2 pb2" data-slide="4"><div role="group" data-item-id="10315304" class="sans-serif mid-gray relative flex flex-column w-100 h-100 hide-child-opacity" data-testid="product-tile-4" aria-label="Product"><a link-identifier="10315304" class="absolute w-100 h-100 z-1 hide-sibling-opacity" target="" href="/ip/Great-Value-Chicken-Flavored-Stuffing-Mix-6-oz/10315304?athcpid=10315304&amp;athpgid=AthenaContentPage_7998220&amp;athcgid=null&amp;athznid=ItemCarousel_2d153eac-6031-4d14-8bf7-9be8cf8dcc30_items&amp;athieid=v0&amp;athstid=CS020&amp;athguid=NZweV7bKCjeEaERyHDHGZw0t96BAY2qGoaBn&amp;athancid=null&amp;athena=true&amp;athbdg=L1600"><span class="w_iUH7"><h3>Great Value Chicken-Flavored Stuffing Mix, 6 oz</h3></span></a><div class="h2 relative mv2"><span class="w_VbBP w_mFV6 w_awtt w_3oNC w_3H8O tag-leading-badge absolute">Best seller</span></div><div class="relative"><div class="relative overflow-hidden" style="max-width:226px;height:0;padding-bottom:min(226px, 100%);align-self:center;width:min(226px, 100%)"><img loading="lazy" srcset="https://i5.walmartimages.com/asr/4202c46a-41f4-4e0e-bdf0-6a04f683763c.a84846b6318f05fafaa0fc6f492aba89.jpeg?odnHeight=226&amp;odnWidth=226&amp;odnBg=FFFFFF 1x, https://i5.walmartimages.com/asr/4202c46a-41f4-4e0e-bdf0-6a04f683763c.a84846b6318f05fafaa0fc6f492aba89.jpeg?odnHeight=576&amp;odnWidth=576&amp;odnBg=FFFFFF 2x" src="https://i5.walmartimages.com/asr/4202c46a-41f4-4e0e-bdf0-6a04f683763c.a84846b6318f05fafaa0fc6f492aba89.jpeg?odnHeight=576&amp;odnWidth=576&amp;odnBg=FFFFFF" width="" height="" class="absolute top-0 left-0" data-testid="productTileImage" alt="Great Value Chicken-Flavored Stuffing Mix, 6 oz"/></div><div class="z-2 absolute bottom--1"><div class="relative dib" data-id="10315304"><button class="w_hhLG w_8nsR w_jDfj pointer bn sans-serif b ph2 flex items-center justify-center w-auto shadow-1" type="button" data-pcss-hide="true" data-automation-id="add-to-cart" aria-label="Add to cart - Great Value Chicken-Flavored Stuffing Mix, 6 oz"><i class="ld ld-Plus" style="font-size:1.5rem;vertical-align:-0.25em;width:1.5rem;height:1.5rem;box-sizing:content-box" title="add to cart"></i><span class="mr2">Add</span></button></div></div></div><div class="mt5 mb0" style="height:24px" data-testid="variant-10315304"></div><div data-automation-id="product-price" class="flex flex-wrap justify-start items-center lh-title mb1-m"><div class="mr1 mr2-xl b black lh-copy f5 f4-l" aria-hidden="true">$0.98</div><span class="w_iUH7">current price $0.98</span><div class="gray mr1 f7 f6-l">16.3 ¢/oz</div></div><span class=""><span class="w_V_DM" style="-webkit-line-clamp:3;padding-bottom:0em;margin-bottom:-0em"><span data-automation-id="product-title" class="normal dark-gray mb0 mt1 lh-title f6 f5-l">Great Value Chicken-Flavored Stuffing Mix, 6 oz</span></span></span><div class="flex items-center mt2"><span class="black inline-flex mr1" data-testid="product-ratings" data-value="4.1"><i class="ld ld-StarFill" style="font-size:12px;vertical-align:-0.175em;width:12px;height:12px;box-sizing:content-box" aria-hidden="true"></i><i class="ld ld-StarFill" style="font-size:12px;vertical-align:-0.175em;width:12px;height:12px;box-sizing:content-box" aria-hidden="true"></i><i class="ld ld-StarFill" style="font-size:12px;vertical-align:-0.175em;width:12px;height:12px;box-sizing:content-box" aria-hidden="true"></i><i class="ld ld-StarFill" style="font-size:12px;vertical-align:-0.175em;width:12px;height:12px;box-sizing:content-box" aria-hidden="true"></i><i class="ld ld-Star" style="font-size:12px;vertical-align:-0.175em;width:12px;height:12px;box-sizing:content-box" aria-hidden="true"></i></span><span class="sans-serif gray f7" aria-hidden="true" data-testid="product-reviews" data-value="195">195</span><span class="w_iUH7">4.1 out of 5 Stars. 195 reviews</span></div><div></div><div class="mb2 mt2"><span class="w_iUH7">Available for Pickup or Delivery</span><span class="w_VbBP w_mFV6 w_I_19 w_3oNC w_AAn7 mr1 mt1 ph1" aria-hidden="true">Pickup</span><span class="w_VbBP w_mFV6 w_I_19 w_3oNC w_AAn7 mr1 mt1 ph1" aria-hidden="true">Delivery</span></div></div></li><li class="flex flex-column items-center pa1 pr2 pb2" data-slide="5"><div role="group" data-item-id="909404576" class="sans-serif mid-gray relative flex flex-column w-100 h-100 hide-child-opacity" data-testid="product-tile-5" aria-label="Product"><a link-identifier="909404576" class="absolute w-100 h-100 z-1 hide-sibling-opacity" target="" href="/ip/Birds-Eye-Oven-Roasters-Red-Potatoes-Onions-Frozen-14-oz-Frozen/909404576?athcpid=909404576&amp;athpgid=AthenaContentPage_7998220&amp;athcgid=null&amp;athznid=ItemCarousel_2d153eac-6031-4d14-8bf7-9be8cf8dcc30_items&amp;athieid=v0&amp;athstid=CS020&amp;athguid=NZweV7bKCjeEaERyHDHGZw0t96BAY2qGoaBn&amp;athancid=null&amp;athena=true"><span class="w_iUH7"><h3>Birds Eye Oven Roasters Red Potatoes &amp; Onions, Frozen, 14 oz (Frozen)</h3></span></a><div class="h2 relative mv2"></div><div class="relative"><div class="relative overflow-hidden" style="max-width:226px;height:0;padding-bottom:min(226px, 100%);align-self:center;width:min(226px, 100%)"><img loading="lazy" srcset="https://i5.walmartimages.com/asr/fed5652e-d9ae-4f09-a4e9-3e4d3a50fd1f.bd82a9582e19fbcaaa9dbad4411c8aac.jpeg?odnHeight=226&amp;odnWidth=226&amp;odnBg=FFFFFF 1x, https://i5.walmartimages.com/asr/fed5652e-d9ae-4f09-a4e9-3e4d3a50fd1f.bd82a9582e19fbcaaa9dbad4411c8aac.jpeg?odnHeight=576&amp;odnWidth=576&amp;odnBg=FFFFFF 2x" src="https://i5.walmartimages.com/asr/fed5652e-d9ae-4f09-a4e9-3e4d3a50fd1f.bd82a9582e19fbcaaa9dbad4411c8aac.jpeg?odnHeight=576&amp;odnWidth=576&amp;odnBg=FFFFFF" width="" height="" class="absolute top-0 left-0" data-testid="productTileImage" alt="Birds Eye Oven Roasters Red Potatoes &amp; Onions, Frozen, 14 oz (Frozen)"/></div><div class="z-2 absolute bottom--1"><div class="relative dib" data-id="909404576"><button class="w_hhLG w_8nsR w_jDfj pointer bn sans-serif b ph2 flex items-center justify-center w-auto shadow-1" type="button" data-pcss-hide="true" data-automation-id="add-to-cart" aria-label="Add to cart - Birds Eye Oven Roasters Red Potatoes &amp; Onions, Frozen, 14 oz (Frozen)"><i class="ld ld-Plus" style="font-size:1.5rem;vertical-align:-0.25em;width:1.5rem;height:1.5rem;box-sizing:content-box" title="add to cart"></i><span class="mr2">Add</span></button></div></div></div><div class="mt5 mb0" style="height:24px" data-testid="variant-909404576"></div><div data-automation-id="product-price" class="flex flex-wrap justify-start items-center lh-title mb1-m"><div class="mr1 mr2-xl b black lh-copy f5 f4-l" aria-hidden="true">$3.12</div><span class="w_iUH7">current price $3.12</span><div class="gray mr1 f7 f6-l">20.8 ¢/oz</div></div><span class=""><span class="w_V_DM" style="-webkit-line-clamp:3;padding-bottom:0em;margin-bottom:-0em"><span data-automation-id="product-title" class="normal dark-gray mb0 mt1 lh-title f6 f5-l">Birds Eye Oven Roasters Red Potatoes &amp; Onions, Frozen, 14 oz (Frozen)</span></span></span><div class="flex items-center mt2"><span class="black inline-flex mr1" data-testid="product-ratings" data-value="3.2"><i class="ld ld-StarFill" style="font-size:12px;vertical-align:-0.175em;width:12px;height:12px;box-sizing:content-box" aria-hidden="true"></i><i class="ld ld-StarFill" style="font-size:12px;vertical-align:-0.175em;width:12px;height:12px;box-sizing:content-box" aria-hidden="true"></i><i class="ld ld-StarFill" style="font-size:12px;vertical-align:-0.175em;width:12px;height:12px;box-sizing:content-box" aria-hidden="true"></i><i class="ld ld-Star" style="font-size:12px;vertical-align:-0.175em;width:12px;height:12px;box-sizing:content-box" aria-hidden="true"></i><i class="ld ld-Star" style="font-size:12px;vertical-align:-0.175em;width:12px;height:12px;box-sizing:content-box" aria-hidden="true"></i></span><span class="sans-serif gray f7" aria-hidden="true" data-testid="product-reviews" data-value="74">74</span><span class="w_iUH7">3.2 out of 5 Stars. 74 reviews</span></div><div></div><div class="mb2 mt2"><span class="w_iUH7">Available for Pickup or Delivery</span><span class="w_VbBP w_mFV6 w_I_19 w_3oNC w_AAn7 mr1 mt1 ph1" aria-hidden="true">Pickup</span><span class="w_VbBP w_mFV6 w_I_19 w_3oNC w_AAn7 mr1 mt1 ph1" aria-hidden="true">Delivery</span></div></div></li><li class="flex flex-column items-center pa1 pr2 pb2" data-slide="6"><div role="group" data-item-id="385515493" class="sans-serif mid-gray relative flex flex-column w-100 h-100 hide-child-opacity" data-testid="product-tile-6" aria-label="Product"><a link-identifier="385515493" class="absolute w-100 h-100 z-1 hide-sibling-opacity" target="" href="/ip/Marketside-Sunflower-Bacon-Crunch-Chopped-Salad-Kit-Family-Size-15-8-oz-Bag-Fresh/385515493?athcpid=385515493&amp;athpgid=AthenaContentPage_7998220&amp;athcgid=null&amp;athznid=ItemCarousel_2d153eac-6031-4d14-8bf7-9be8cf8dcc30_items&amp;athieid=v0&amp;athstid=CS020&amp;athguid=NZweV7bKCjeEaERyHDHGZw0t96BAY2qGoaBn&amp;athancid=null&amp;athena=true"><span class="w_iUH7"><h3>Marketside Sunflower Bacon Crunch Chopped Salad Kit Family Size, 15.8 oz Bag, Fresh</h3></span></a><div class="h2 relative mv2"></div><div class="relative"><div class="relative overflow-hidden" style="max-width:226px;height:0;padding-bottom:min(226px, 100%);align-self:center;width:min(226px, 100%)"><img loading="lazy" srcset="https://i5.walmartimages.com/asr/cc8dbdb6-df35-46d5-85c2-c7e5b638b2c3.4927006393f0c6d76bd910ba4ee1b3b0.jpeg?odnHeight=226&amp;odnWidth=226&amp;odnBg=FFFFFF 1x, https://i5.walmartimages.com/asr/cc8dbdb6-df35-46d5-85c2-c7e5b638b2c3.4927006393f0c6d76bd910ba4ee1b3b0.jpeg?odnHeight=576&amp;odnWidth=576&amp;odnBg=FFFFFF 2x" src="https://i5.walmartimages.com/asr/cc8dbdb6-df35-46d5-85c2-c7e5b638b2c3.4927006393f0c6d76bd910ba4ee1b3b0.jpeg?odnHeight=576&amp;odnWidth=576&amp;odnBg=FFFFFF" width="" height="" class="absolute top-0 left-0" data-testid="productTileImage" alt="Marketside Sunflower Bacon Crunch Chopped Salad Kit Family Size, 15.8 oz Bag, Fresh"/></div><div class="z-2 absolute bottom--1"><div class="relative dib" data-id="385515493"><button class="w_hhLG w_8nsR w_jDfj pointer bn sans-serif b ph2 flex items-center justify-center w-auto shadow-1" type="button" data-pcss-hide="true" data-automation-id="add-to-cart" aria-label="Add to cart - Marketside Sunflower Bacon Crunch Chopped Salad Kit Family Size, 15.8 oz Bag, Fresh"><i class="ld ld-Plus" style="font-size:1.5rem;vertical-align:-0.25em;width:1.5rem;height:1.5rem;box-sizing:content-box" title="add to cart"></i><span class="mr2">Add</span></button></div></div></div><div class="mt5 mb0" style="height:24px" data-testid="variant-385515493"></div><div data-automation-id="product-price" class="flex flex-wrap justify-start items-center lh-title mb1-m"><div class="mr1 mr2-xl b black lh-copy f5 f4-l" aria-hidden="true">$4.98</div><span class="w_iUH7">current price $4.98</span><div class="gray mr1 f7 f6-l">31.5 ¢/oz</div></div><span class=""><span class="w_V_DM" style="-webkit-line-clamp:3;padding-bottom:0em;margin-bottom:-0em"><span data-automation-id="product-title" class="normal dark-gray mb0 mt1 lh-title f6 f5-l">Marketside Sunflower Bacon Crunch Chopped Salad Kit Family Size, 15.8 oz Bag, Fresh</span></span></span><div></div><div class="mb2 mt2"><span class="w_iUH7">Available for Pickup or Delivery</span><span class="w_VbBP w_mFV6 w_I_19 w_3oNC w_AAn7 mr1 mt1 ph1" aria-hidden="true">Pickup</span><span class="w_VbBP w_mFV6 w_I_19 w_3oNC w_AAn7 mr1 mt1 ph1" aria-hidden="true">Delivery</span></div></div></li><li class="flex flex-column items-center pa1 pr2 pb2" data-slide="7"><div role="group" data-item-id="14871850" class="sans-serif mid-gray relative flex flex-column w-100 h-100 hide-child-opacity" data-testid="product-tile-7" aria-label="Product"><a link-identifier="14871850" class="absolute w-100 h-100 z-1 hide-sibling-opacity" target="" href="/ip/King-s-Hawaiian-Original-Hawaiian-Sweet-Dinner-Rolls-24-Count-24-oz/14871850?athcpid=14871850&amp;athpgid=AthenaContentPage_7998220&amp;athcgid=null&amp;athznid=ItemCarousel_2d153eac-6031-4d14-8bf7-9be8cf8dcc30_items&amp;athieid=v0&amp;athstid=CS020&amp;athguid=NZweV7bKCjeEaERyHDHGZw0t96BAY2qGoaBn&amp;athancid=null&amp;athena=true&amp;athbdg=L1600"><span class="w_iUH7"><h3>King&#39;s Hawaiian Original Hawaiian Sweet Dinner Rolls, 24 Count, 24 oz</h3></span></a><div class="h2 relative mv2"><span class="w_VbBP w_mFV6 w_awtt w_3oNC w_3H8O tag-leading-badge absolute">Best seller</span></div><div class="relative"><div class="relative overflow-hidden" style="max-width:226px;height:0;padding-bottom:min(226px, 100%);align-self:center;width:min(226px, 100%)"><img loading="lazy" srcset="https://i5.walmartimages.com/asr/5e62f289-5466-4af9-b6c6-20907639ab08.90eabe49491b8f1992629607e6c0cdc2.jpeg?odnHeight=226&amp;odnWidth=226&amp;odnBg=FFFFFF 1x, https://i5.walmartimages.com/asr/5e62f289-5466-4af9-b6c6-20907639ab08.90eabe49491b8f1992629607e6c0cdc2.jpeg?odnHeight=576&amp;odnWidth=576&amp;odnBg=FFFFFF 2x" src="https://i5.walmartimages.com/asr/5e62f289-5466-4af9-b6c6-20907639ab08.90eabe49491b8f1992629607e6c0cdc2.jpeg?odnHeight=576&amp;odnWidth=576&amp;odnBg=FFFFFF" width="" height="" class="absolute top-0 left-0" data-testid="productTileImage" alt="King&#39;s Hawaiian Original Hawaiian Sweet Dinner Rolls, 24 Count, 24 oz"/></div><div class="z-2 absolute bottom--1"><div class="relative dib" data-id="14871850"><button class="w_hhLG w_8nsR w_jDfj pointer bn sans-serif b ph2 flex items-center justify-center w-auto shadow-1" type="button" data-pcss-hide="true" data-automation-id="add-to-cart" aria-label="Add to cart - King&#39;s Hawaiian Original Hawaiian Sweet Dinner Rolls, 24 Count, 24 oz"><i class="ld ld-Plus" style="font-size:1.5rem;vertical-align:-0.25em;width:1.5rem;height:1.5rem;box-sizing:content-box" title="add to cart"></i><span class="mr2">Add</span></button></div></div></div><div class="mt5 mb0" style="height:24px" data-testid="variant-14871850"></div><div data-automation-id="product-price" class="flex flex-wrap justify-start items-center lh-title mb1-m"><div class="mr1 mr2-xl b black lh-copy f5 f4-l" aria-hidden="true">$7.97</div><span class="w_iUH7">current price $7.97</span><div class="gray mr1 f7 f6-l">33.2 ¢/oz</div></div><span class=""><span class="w_V_DM" style="-webkit-line-clamp:3;padding-bottom:0em;margin-bottom:-0em"><span data-automation-id="product-title" class="normal dark-gray mb0 mt1 lh-title f6 f5-l">King&#39;s Hawaiian Original Hawaiian Sweet Dinner Rolls, 24 Count, 24 oz</span></span></span><div class="flex items-center mt2"><span class="black inline-flex mr1" data-testid="product-ratings" data-value="4.2"><i class="ld ld-StarFill" style="font-size:12px;vertical-align:-0.175em;width:12px;height:12px;box-sizing:content-box" aria-hidden="true"></i><i class="ld ld-StarFill" style="font-size:12px;vertical-align:-0.175em;width:12px;height:12px;box-sizing:content-box" aria-hidden="true"></i><i class="ld ld-StarFill" style="font-size:12px;vertical-align:-0.175em;width:12px;height:12px;box-sizing:content-box" aria-hidden="true"></i><i class="ld ld-StarFill" style="font-size:12px;vertical-align:-0.175em;width:12px;height:12px;box-sizing:content-box" aria-hidden="true"></i><i class="ld ld-Star" style="font-size:12px;vertical-align:-0.175em;width:12px;height:12px;box-sizing:content-box" aria-hidden="true"></i></span><span class="sans-serif gray f7" aria-hidden="true" data-testid="product-reviews" data-value="697">697</span><span class="w_iUH7">4.2 out of 5 Stars. 697 reviews</span></div><div></div><div class="mb2 mt2"><span class="w_iUH7">Available for Pickup or Delivery</span><span class="w_VbBP w_mFV6 w_I_19 w_3oNC w_AAn7 mr1 mt1 ph1" aria-hidden="true">Pickup</span><span class="w_VbBP w_mFV6 w_I_19 w_3oNC w_AAn7 mr1 mt1 ph1" aria-hidden="true">Delivery</span></div></div></li><li class="flex flex-column items-center pa1 pr2 pb2" data-slide="8"><div role="group" data-item-id="817773702" class="sans-serif mid-gray relative flex flex-column w-100 h-100 hide-child-opacity" data-testid="product-tile-8" aria-label="Product"><a link-identifier="817773702" class="absolute w-100 h-100 z-1 hide-sibling-opacity" target="" href="/ip/Marketside-Fresh-Sweet-Potato-Cubes-16-oz/817773702?athcpid=817773702&amp;athpgid=AthenaContentPage_7998220&amp;athcgid=null&amp;athznid=ItemCarousel_2d153eac-6031-4d14-8bf7-9be8cf8dcc30_items&amp;athieid=v0&amp;athstid=CS020&amp;athguid=NZweV7bKCjeEaERyHDHGZw0t96BAY2qGoaBn&amp;athancid=null&amp;athena=true"><span class="w_iUH7"><h3>Marketside Fresh Sweet Potato Cubes, 16 oz</h3></span></a><div class="h2 relative mv2"></div><div class="relative"><div class="relative overflow-hidden" style="max-width:226px;height:0;padding-bottom:min(226px, 100%);align-self:center;width:min(226px, 100%)"><img loading="lazy" srcset="https://i5.walmartimages.com/asr/b248390d-42ee-4414-aab6-febc23c91f18.683b2e2f51387e2dfa3b9511a80648af.jpeg?odnHeight=226&amp;odnWidth=226&amp;odnBg=FFFFFF 1x, https://i5.walmartimages.com/asr/b248390d-42ee-4414-aab6-febc23c91f18.683b2e2f51387e2dfa3b9511a80648af.jpeg?odnHeight=576&amp;odnWidth=576&amp;odnBg=FFFFFF 2x" src="https://i5.walmartimages.com/asr/b248390d-42ee-4414-aab6-febc23c91f18.683b2e2f51387e2dfa3b9511a80648af.jpeg?odnHeight=576&amp;odnWidth=576&amp;odnBg=FFFFFF" width="" height="" class="absolute top-0 left-0" data-testid="productTileImage" alt="Marketside Fresh Sweet Potato Cubes, 16 oz"/></div><div class="z-2 absolute bottom--1"><div class="relative dib" data-id="817773702"><button class="w_hhLG w_8nsR w_jDfj pointer bn sans-serif b ph2 flex items-center justify-center w-auto shadow-1" type="button" data-pcss-hide="true" data-automation-id="add-to-cart" aria-label="Add to cart - Marketside Fresh Sweet Potato Cubes, 16 oz"><i class="ld ld-Plus" style="font-size:1.5rem;vertical-align:-0.25em;width:1.5rem;height:1.5rem;box-sizing:content-box" title="add to cart"></i><span class="mr2">Add</span></button></div></div></div><div class="mt5 mb0" style="height:24px" data-testid="variant-817773702"></div><div data-automation-id="product-price" class="flex flex-wrap justify-start items-center lh-title mb1-m"><div class="mr1 mr2-xl b black lh-copy f5 f4-l" aria-hidden="true">$3.28</div><span class="w_iUH7">current price $3.28</span><div class="gray mr1 f7 f6-l">20.5 ¢/oz</div></div><span class=""><span class="w_V_DM" style="-webkit-line-clamp:3;padding-bottom:0em;margin-bottom:-0em"><span data-automation-id="product-title" class="normal dark-gray mb0 mt1 lh-title f6 f5-l">Marketside Fresh Sweet Potato Cubes, 16 oz</span></span></span><div class="flex items-center mt2"><span class="black inline-flex mr1" data-testid="product-ratings" data-value="1.6"><i class="ld ld-StarFill" style="font-size:12px;vertical-align:-0.175em;width:12px;height:12px;box-sizing:content-box" aria-hidden="true"></i><i class="ld ld-StarHalf" style="font-size:12px;vertical-align:-0.175em;width:12px;height:12px;box-sizing:content-box" aria-hidden="true"></i><i class="ld ld-Star" style="font-size:12px;vertical-align:-0.175em;width:12px;height:12px;box-sizing:content-box" aria-hidden="true"></i><i class="ld ld-Star" style="font-size:12px;vertical-align:-0.175em;width:12px;height:12px;box-sizing:content-box" aria-hidden="true"></i><i class="ld ld-Star" style="font-size:12px;vertical-align:-0.175em;width:12px;height:12px;box-sizing:content-box" aria-hidden="true"></i></span><span class="sans-serif gray f7" aria-hidden="true" data-testid="product-reviews" data-value="140">140</span><span class="w_iUH7">1.6 out of 5 Stars. 140 reviews</span></div><div></div><div class="mb2 mt2"><span class="w_iUH7">Available for Pickup or Delivery</span><span class="w_VbBP w_mFV6 w_I_19 w_3oNC w_AAn7 mr1 mt1 ph1" aria-hidden="true">Pickup</span><span class="w_VbBP w_mFV6 w_I_19 w_3oNC w_AAn7 mr1 mt1 ph1" aria-hidden="true">Delivery</span></div></div></li><li class="flex flex-column items-center pa1 pr2 pb2" data-slide="9"><div role="group" data-item-id="1910513551" class="sans-serif mid-gray relative flex flex-column w-100 h-100 hide-child-opacity" data-testid="product-tile-9" aria-label="Product"><a link-identifier="1910513551" class="absolute w-100 h-100 z-1 hide-sibling-opacity" target="" href="/ip/Marketside-Packaged-Mashed-Potatoes-Tray-24oz-Refrigerated/1910513551?athcpid=1910513551&amp;athpgid=AthenaContentPage_7998220&amp;athcgid=null&amp;athznid=ItemCarousel_2d153eac-6031-4d14-8bf7-9be8cf8dcc30_items&amp;athieid=v0&amp;athstid=CS020&amp;athguid=NZweV7bKCjeEaERyHDHGZw0t96BAY2qGoaBn&amp;athancid=null&amp;athena=true"><span class="w_iUH7"><h3>Marketside Packaged Mashed Potatoes Tray, 24oz (Refrigerated)</h3></span></a><div class="h2 relative mv2"></div><div class="relative"><div class="relative overflow-hidden" style="max-width:226px;height:0;padding-bottom:min(226px, 100%);align-self:center;width:min(226px, 100%)"><img loading="lazy" srcset="https://i5.walmartimages.com/asr/e8c6109d-05ab-420f-aaa7-50e032014692.dc7a4233836734de9d42ef89542e705e.jpeg?odnHeight=226&amp;odnWidth=226&amp;odnBg=FFFFFF 1x, https://i5.walmartimages.com/asr/e8c6109d-05ab-420f-aaa7-50e032014692.dc7a4233836734de9d42ef89542e705e.jpeg?odnHeight=576&amp;odnWidth=576&amp;odnBg=FFFFFF 2x" src="https://i5.walmartimages.com/asr/e8c6109d-05ab-420f-aaa7-50e032014692.dc7a4233836734de9d42ef89542e705e.jpeg?odnHeight=576&amp;odnWidth=576&amp;odnBg=FFFFFF" width="" height="" class="absolute top-0 left-0" data-testid="productTileImage" alt="Marketside Packaged Mashed Potatoes Tray, 24oz (Refrigerated)"/></div><div class="z-2 absolute bottom--1"><div class="relative dib" data-id="1910513551"><button class="w_hhLG w_8nsR w_jDfj pointer bn sans-serif b ph2 flex items-center justify-center w-auto shadow-1" type="button" data-pcss-hide="true" data-automation-id="add-to-cart" aria-label="Add to cart - Marketside Packaged Mashed Potatoes Tray, 24oz (Refrigerated)"><i class="ld ld-Plus" style="font-size:1.5rem;vertical-align:-0.25em;width:1.5rem;height:1.5rem;box-sizing:content-box" title="add to cart"></i><span class="mr2">Add</span></button></div></div></div><div class="mt5 mb0" style="height:24px" data-testid="variant-1910513551"></div><div data-automation-id="product-price" class="flex flex-wrap justify-start items-center lh-title mb1-m"><div class="mr1 mr2-xl b black lh-copy f5 f4-l" aria-hidden="true">$2.97</div><span class="w_iUH7">current price $2.97</span><div class="gray mr1 f7 f6-l">12.4 ¢/oz</div></div><span class=""><span class="w_V_DM" style="-webkit-line-clamp:3;padding-bottom:0em;margin-bottom:-0em"><span data-automation-id="product-title" class="normal dark-gray mb0 mt1 lh-title f6 f5-l">Marketside Packaged Mashed Potatoes Tray, 24oz (Refrigerated)</span></span></span><div class="flex items-center mt2"><span class="black inline-flex mr1" data-testid="product-ratings" data-value="2.8"><i class="ld ld-StarFill" style="font-size:12px;vertical-align:-0.175em;width:12px;height:12px;box-sizing:content-box" aria-hidden="true"></i><i class="ld ld-StarFill" style="font-size:12px;vertical-align:-0.175em;width:12px;height:12px;box-sizing:content-box" aria-hidden="true"></i><i class="ld ld-StarFill" style="font-size:12px;vertical-align:-0.175em;width:12px;height:12px;box-sizing:content-box" aria-hidden="true"></i><i class="ld ld-Star" style="font-size:12px;vertical-align:-0.175em;width:12px;height:12px;box-sizing:content-box" aria-hidden="true"></i><i class="ld ld-Star" style="font-size:12px;vertical-align:-0.175em;width:12px;height:12px;box-sizing:content-box" aria-hidden="true"></i></span><span class="sans-serif gray f7" aria-hidden="true" data-testid="product-reviews" data-value="40">40</span><span class="w_iUH7">2.8 out of 5 Stars. 40 reviews</span></div><div></div><div class="mb2 mt2"><span class="w_iUH7">Available for Pickup or Delivery</span><span class="w_VbBP w_mFV6 w_I_19 w_3oNC w_AAn7 mr1 mt1 ph1" aria-hidden="true">Pickup</span><span class="w_VbBP w_mFV6 w_I_19 w_3oNC w_AAn7 mr1 mt1 ph1" aria-hidden="true">Delivery</span></div></div></li><li class="flex flex-column items-center pa1 pr2 pb2" data-slide="10"><div role="group" data-item-id="259683648" class="sans-serif mid-gray relative flex flex-column w-100 h-100 hide-child-opacity" data-testid="product-tile-10" aria-label="Product"><a link-identifier="259683648" class="absolute w-100 h-100 z-1 hide-sibling-opacity" target="" href="/ip/Great-Value-Frozen-Corn-on-the-Cob-Microwaveable-6-Ct/259683648?athcpid=259683648&amp;athpgid=AthenaContentPage_7998220&amp;athcgid=null&amp;athznid=ItemCarousel_2d153eac-6031-4d14-8bf7-9be8cf8dcc30_items&amp;athieid=v0&amp;athstid=CS020&amp;athguid=NZweV7bKCjeEaERyHDHGZw0t96BAY2qGoaBn&amp;athancid=null&amp;athena=true"><span class="w_iUH7"><h3>Great Value Frozen Corn on the Cob, Microwaveable, 6 Ct</h3></span></a><div class="h2 relative mv2"></div><div class="relative"><div class="relative overflow-hidden" style="max-width:226px;height:0;padding-bottom:min(226px, 100%);align-self:center;width:min(226px, 100%)"><img loading="lazy" srcset="https://i5.walmartimages.com/asr/b33f69ec-0dd2-4d30-b62f-e2cf12d063b8.445e1bf2178c5707632e73e085c40da3.jpeg?odnHeight=226&amp;odnWidth=226&amp;odnBg=FFFFFF 1x, https://i5.walmartimages.com/asr/b33f69ec-0dd2-4d30-b62f-e2cf12d063b8.445e1bf2178c5707632e73e085c40da3.jpeg?odnHeight=576&amp;odnWidth=576&amp;odnBg=FFFFFF 2x" src="https://i5.walmartimages.com/asr/b33f69ec-0dd2-4d30-b62f-e2cf12d063b8.445e1bf2178c5707632e73e085c40da3.jpeg?odnHeight=576&amp;odnWidth=576&amp;odnBg=FFFFFF" width="" height="" class="absolute top-0 left-0" data-testid="productTileImage" alt="Great Value Frozen Corn on the Cob, Microwaveable, 6 Ct"/></div><div class="z-2 absolute bottom--1"><div class="relative dib" data-id="259683648"><button class="w_hhLG w_8nsR w_jDfj pointer bn sans-serif b ph2 flex items-center justify-center w-auto shadow-1" type="button" data-pcss-hide="true" data-automation-id="add-to-cart" aria-label="Add to cart - Great Value Frozen Corn on the Cob, Microwaveable, 6 Ct"><i class="ld ld-Plus" style="font-size:1.5rem;vertical-align:-0.25em;width:1.5rem;height:1.5rem;box-sizing:content-box" title="add to cart"></i><span class="mr2">Add</span></button></div></div></div><div class="mt5 mb0" style="height:24px" data-testid="variant-259683648"></div><div data-automation-id="product-price" class="flex flex-wrap justify-start items-center lh-title mb1-m"><div class="mr1 mr2-xl b black lh-copy f5 f4-l" aria-hidden="true">$2.12</div><span class="w_iUH7">current price $2.12</span><div class="gray mr1 f7 f6-l">35.3 ¢/ea</div></div><span class=""><span class="w_V_DM" style="-webkit-line-clamp:3;padding-bottom:0em;margin-bottom:-0em"><span data-automation-id="product-title" class="normal dark-gray mb0 mt1 lh-title f6 f5-l">Great Value Frozen Corn on the Cob, Microwaveable, 6 Ct</span></span></span><div class="flex items-center mt2"><span class="black inline-flex mr1" data-testid="product-ratings" data-value="2.6"><i class="ld ld-StarFill" style="font-size:12px;vertical-align:-0.175em;width:12px;height:12px;box-sizing:content-box" aria-hidden="true"></i><i class="ld ld-StarFill" style="font-size:12px;vertical-align:-0.175em;width:12px;height:12px;box-sizing:content-box" aria-hidden="true"></i><i class="ld ld-StarHalf" style="font-size:12px;vertical-align:-0.175em;width:12px;height:12px;box-sizing:content-box" aria-hidden="true"></i><i class="ld ld-Star" style="font-size:12px;vertical-align:-0.175em;width:12px;height:12px;box-sizing:content-box" aria-hidden="true"></i><i class="ld ld-Star" style="font-size:12px;vertical-align:-0.175em;width:12px;height:12px;box-sizing:content-box" aria-hidden="true"></i></span><span class="sans-serif gray f7" aria-hidden="true" data-testid="product-reviews" data-value="182">182</span><span class="w_iUH7">2.6 out of 5 Stars. 182 reviews</span></div><div></div><div class="mb2 mt2"><span class="w_iUH7">Available for Pickup or Delivery</span><span class="w_VbBP w_mFV6 w_I_19 w_3oNC w_AAn7 mr1 mt1 ph1" aria-hidden="true">Pickup</span><span class="w_VbBP w_mFV6 w_I_19 w_3oNC w_AAn7 mr1 mt1 ph1" aria-hidden="true">Delivery</span></div></div></li><li class="flex flex-column items-center pa1 pr2 pb2" data-slide="11"><div role="group" data-item-id="1818139466" class="sans-serif mid-gray relative flex flex-column w-100 h-100 hide-child-opacity" data-testid="product-tile-11" aria-label="Product"><a link-identifier="1818139466" class="absolute w-100 h-100 z-1 hide-sibling-opacity" target="" href="/ip/Green-Giant-Restaurant-Style-Mixed-Vegetables-with-Asparagus-Roasted-Red-Potatoes-Onions-10-5-oz-Frozen/1818139466?athcpid=1818139466&amp;athpgid=AthenaContentPage_7998220&amp;athcgid=null&amp;athznid=ItemCarousel_2d153eac-6031-4d14-8bf7-9be8cf8dcc30_items&amp;athieid=v0&amp;athstid=CS020&amp;athguid=NZweV7bKCjeEaERyHDHGZw0t96BAY2qGoaBn&amp;athancid=null&amp;athena=true"><span class="w_iUH7"><h3>Green Giant Restaurant Style Mixed Vegetables, with Asparagus, Roasted Red Potatoes &amp; Onions, 10.5 oz (Frozen)</h3></span></a><div class="h2 relative mv2"></div><div class="relative"><div class="relative overflow-hidden" style="max-width:226px;height:0;padding-bottom:min(226px, 100%);align-self:center;width:min(226px, 100%)"><img loading="lazy" srcset="https://i5.walmartimages.com/asr/331bd2d7-a0af-45e5-8a44-3fc5c909aae1.9af293febcf3c4137720b94c0c3d7829.jpeg?odnHeight=226&amp;odnWidth=226&amp;odnBg=FFFFFF 1x, https://i5.walmartimages.com/asr/331bd2d7-a0af-45e5-8a44-3fc5c909aae1.9af293febcf3c4137720b94c0c3d7829.jpeg?odnHeight=576&amp;odnWidth=576&amp;odnBg=FFFFFF 2x" src="https://i5.walmartimages.com/asr/331bd2d7-a0af-45e5-8a44-3fc5c909aae1.9af293febcf3c4137720b94c0c3d7829.jpeg?odnHeight=576&amp;odnWidth=576&amp;odnBg=FFFFFF" width="" height="" class="absolute top-0 left-0" data-testid="productTileImage" alt="Green Giant Restaurant Style Mixed Vegetables, with Asparagus, Roasted Red Potatoes &amp; Onions, 10.5 oz (Frozen)"/></div><div class="z-2 absolute bottom--1"><div class="relative dib" data-id="1818139466"><button class="w_hhLG w_8nsR w_jDfj pointer bn sans-serif b ph2 flex items-center justify-center w-auto shadow-1" type="button" data-pcss-hide="true" data-automation-id="add-to-cart" aria-label="Add to cart - Green Giant Restaurant Style Mixed Vegetables, with Asparagus, Roasted Red Potatoes &amp; Onions, 10.5 oz (Frozen)"><i class="ld ld-Plus" style="font-size:1.5rem;vertical-align:-0.25em;width:1.5rem;height:1.5rem;box-sizing:content-box" title="add to cart"></i><span class="mr2">Add</span></button></div></div></div><div class="mt5 mb0" style="height:24px" data-testid="variant-1818139466"></div><div data-automation-id="product-price" class="flex flex-wrap justify-start items-center lh-title mb1-m"><div class="mr1 mr2-xl b black lh-copy f5 f4-l" aria-hidden="true">$3.87</div><span class="w_iUH7">current price $3.87</span><div class="gray mr1 f7 f6-l">36.9 ¢/oz</div></div><span class=""><span class="w_V_DM" style="-webkit-line-clamp:3;padding-bottom:0em;margin-bottom:-0em"><span data-automation-id="product-title" class="normal dark-gray mb0 mt1 lh-title f6 f5-l">Green Giant Restaurant Style Mixed Vegetables, with Asparagus, Roasted Red Potatoes &amp; Onions, 10.5 oz (Frozen)</span></span></span><div class="flex items-center mt2"><span class="black inline-flex mr1" data-testid="product-ratings" data-value="2.2"><i class="ld ld-StarFill" style="font-size:12px;vertical-align:-0.175em;width:12px;height:12px;box-sizing:content-box" aria-hidden="true"></i><i class="ld ld-StarFill" style="font-size:12px;vertical-align:-0.175em;width:12px;height:12px;box-sizing:content-box" aria-hidden="true"></i><i class="ld ld-Star" style="font-size:12px;vertical-align:-0.175em;width:12px;height:12px;box-sizing:content-box" aria-hidden="true"></i><i class="ld ld-Star" style="font-size:12px;vertical-align:-0.175em;width:12px;height:12px;box-sizing:content-box" aria-hidden="true"></i><i class="ld ld-Star" style="font-size:12px;vertical-align:-0.175em;width:12px;height:12px;box-sizing:content-box" aria-hidden="true"></i></span><span class="sans-serif gray f7" aria-hidden="true" data-testid="product-reviews" data-value="9">9</span><span class="w_iUH7">2.2 out of 5 Stars. 9 reviews</span></div><div></div><div class="mb2 mt2"><span class="w_iUH7">Available for Pickup or Delivery</span><span class="w_VbBP w_mFV6 w_I_19 w_3oNC w_AAn7 mr1 mt1 ph1" aria-hidden="true">Pickup</span><span class="w_VbBP w_mFV6 w_I_19 w_3oNC w_AAn7 mr1 mt1 ph1" aria-hidden="true">Delivery</span></div></div></li><li class="flex flex-column items-center pa1 pr2 pb2" data-slide="12"><div role="group" data-item-id="1514293808" class="sans-serif mid-gray relative flex flex-column w-100 h-100 hide-child-opacity" data-testid="product-tile-12" aria-label="Product"><a link-identifier="1514293808" class="absolute w-100 h-100 z-1 hide-sibling-opacity" target="" href="/ip/Birds-Eye-Fire-Roasted-Brussels-Sprouts-Frozen-Vegetables-12-oz/1514293808?athcpid=1514293808&amp;athpgid=AthenaContentPage_7998220&amp;athcgid=null&amp;athznid=ItemCarousel_2d153eac-6031-4d14-8bf7-9be8cf8dcc30_items&amp;athieid=v0&amp;athstid=CS020&amp;athguid=NZweV7bKCjeEaERyHDHGZw0t96BAY2qGoaBn&amp;athancid=null&amp;athena=true"><span class="w_iUH7"><h3>Birds Eye Fire Roasted Brussels Sprouts, Frozen Vegetables, 12 oz.</h3></span></a><div class="h2 relative mv2"></div><div class="relative"><div class="relative overflow-hidden" style="max-width:226px;height:0;padding-bottom:min(226px, 100%);align-self:center;width:min(226px, 100%)"><img loading="lazy" srcset="https://i5.walmartimages.com/asr/0f735708-c32e-44bc-9a58-cdcfc509d593.08bc96819d53b60bfe3c6e8fad8d7c39.jpeg?odnHeight=226&amp;odnWidth=226&amp;odnBg=FFFFFF 1x, https://i5.walmartimages.com/asr/0f735708-c32e-44bc-9a58-cdcfc509d593.08bc96819d53b60bfe3c6e8fad8d7c39.jpeg?odnHeight=576&amp;odnWidth=576&amp;odnBg=FFFFFF 2x" src="https://i5.walmartimages.com/asr/0f735708-c32e-44bc-9a58-cdcfc509d593.08bc96819d53b60bfe3c6e8fad8d7c39.jpeg?odnHeight=576&amp;odnWidth=576&amp;odnBg=FFFFFF" width="" height="" class="absolute top-0 left-0" data-testid="productTileImage" alt="Birds Eye Fire Roasted Brussels Sprouts, Frozen Vegetables, 12 oz."/></div><div class="z-2 absolute bottom--1"><div class="relative dib" data-id="1514293808"><button class="w_hhLG w_8nsR w_jDfj pointer bn sans-serif b ph2 flex items-center justify-center w-auto shadow-1" type="button" data-pcss-hide="true" data-automation-id="add-to-cart" aria-label="Add to cart - Birds Eye Fire Roasted Brussels Sprouts, Frozen Vegetables, 12 oz."><i class="ld ld-Plus" style="font-size:1.5rem;vertical-align:-0.25em;width:1.5rem;height:1.5rem;box-sizing:content-box" title="add to cart"></i><span class="mr2">Add</span></button></div></div></div><div class="mt5 mb0" style="height:24px" data-testid="variant-1514293808"></div><div data-automation-id="product-price" class="flex flex-wrap justify-start items-center lh-title mb1-m"><div class="mr1 mr2-xl b black lh-copy f5 f4-l" aria-hidden="true">$3.97</div><span class="w_iUH7">current price $3.97</span><div class="gray mr1 f7 f6-l">33.1 ¢/oz</div></div><span class=""><span class="w_V_DM" style="-webkit-line-clamp:3;padding-bottom:0em;margin-bottom:-0em"><span data-automation-id="product-title" class="normal dark-gray mb0 mt1 lh-title f6 f5-l">Birds Eye Fire Roasted Brussels Sprouts, Frozen Vegetables, 12 oz.</span></span></span><div class="flex items-center mt2"><span class="black inline-flex mr1" data-testid="product-ratings" data-value="4.5"><i class="ld ld-StarFill" style="font-size:12px;vertical-align:-0.175em;width:12px;height:12px;box-sizing:content-box" aria-hidden="true"></i><i class="ld ld-StarFill" style="font-size:12px;vertical-align:-0.175em;width:12px;height:12px;box-sizing:content-box" aria-hidden="true"></i><i class="ld ld-StarFill" style="font-size:12px;vertical-align:-0.175em;width:12px;height:12px;box-sizing:content-box" aria-hidden="true"></i><i class="ld ld-StarFill" style="font-size:12px;vertical-align:-0.175em;width:12px;height:12px;box-sizing:content-box" aria-hidden="true"></i><i class="ld ld-StarHalf" style="font-size:12px;vertical-align:-0.175em;width:12px;height:12px;box-sizing:content-box" aria-hidden="true"></i></span><span class="sans-serif gray f7" aria-hidden="true" data-testid="product-reviews" data-value="26">26</span><span class="w_iUH7">4.5 out of 5 Stars. 26 reviews</span></div><div></div><div class="mb2 mt2"><span class="w_iUH7">Available for Pickup or Delivery</span><span class="w_VbBP w_mFV6 w_I_19 w_3oNC w_AAn7 mr1 mt1 ph1" aria-hidden="true">Pickup</span><span class="w_VbBP w_mFV6 w_I_19 w_3oNC w_AAn7 mr1 mt1 ph1" aria-hidden="true">Delivery</span></div></div></li><li class="flex flex-column items-center pa1 pr2 pb2" data-slide="13"><div role="group" data-item-id="1820059583" class="sans-serif mid-gray relative flex flex-column w-100 h-100 hide-child-opacity" data-testid="product-tile-13" aria-label="Product"><a link-identifier="1820059583" class="absolute w-100 h-100 z-1 hide-sibling-opacity" target="" href="/ip/Marketside-Classic-Macaroni-and-Cheese-20-oz-Refrigerated/1820059583?athcpid=1820059583&amp;athpgid=AthenaContentPage_7998220&amp;athcgid=null&amp;athznid=ItemCarousel_2d153eac-6031-4d14-8bf7-9be8cf8dcc30_items&amp;athieid=v0&amp;athstid=CS020&amp;athguid=NZweV7bKCjeEaERyHDHGZw0t96BAY2qGoaBn&amp;athancid=null&amp;athena=true"><span class="w_iUH7"><h3>Marketside Classic Macaroni and Cheese, 20 oz (Refrigerated)</h3></span></a><div class="h2 relative mv2"></div><div class="relative"><div class="relative overflow-hidden" style="max-width:226px;height:0;padding-bottom:min(226px, 100%);align-self:center;width:min(226px, 100%)"><img loading="lazy" srcset="https://i5.walmartimages.com/asr/11b793f8-5bd3-49ae-8009-12bdd9584d97.421faef0a772c5e52a1be01e5829f1bc.jpeg?odnHeight=226&amp;odnWidth=226&amp;odnBg=FFFFFF 1x, https://i5.walmartimages.com/asr/11b793f8-5bd3-49ae-8009-12bdd9584d97.421faef0a772c5e52a1be01e5829f1bc.jpeg?odnHeight=576&amp;odnWidth=576&amp;odnBg=FFFFFF 2x" src="https://i5.walmartimages.com/asr/11b793f8-5bd3-49ae-8009-12bdd9584d97.421faef0a772c5e52a1be01e5829f1bc.jpeg?odnHeight=576&amp;odnWidth=576&amp;odnBg=FFFFFF" width="" height="" class="absolute top-0 left-0" data-testid="productTileImage" alt="Marketside Classic Macaroni and Cheese, 20 oz (Refrigerated)"/></div><div class="z-2 absolute bottom--1"><div class="relative dib" data-id="1820059583"><button class="w_hhLG w_8nsR w_jDfj pointer bn sans-serif b ph2 flex items-center justify-center w-auto shadow-1" type="button" data-pcss-hide="true" data-automation-id="add-to-cart" aria-label="Add to cart - Marketside Classic Macaroni and Cheese, 20 oz (Refrigerated)"><i class="ld ld-Plus" style="font-size:1.5rem;vertical-align:-0.25em;width:1.5rem;height:1.5rem;box-sizing:content-box" title="add to cart"></i><span class="mr2">Add</span></button></div></div></div><div class="mt5 mb0" style="height:24px" data-testid="variant-1820059583"></div><div data-automation-id="product-price" class="flex flex-wrap justify-start items-center lh-title mb1-m"><div class="mr1 mr2-xl b black lh-copy f5 f4-l" aria-hidden="true">$2.97</div><span class="w_iUH7">current price $2.97</span><div class="gray mr1 f7 f6-l">14.9 ¢/oz</div></div><span class=""><span class="w_V_DM" style="-webkit-line-clamp:3;padding-bottom:0em;margin-bottom:-0em"><span data-automation-id="product-title" class="normal dark-gray mb0 mt1 lh-title f6 f5-l">Marketside Classic Macaroni and Cheese, 20 oz (Refrigerated)</span></span></span><div class="flex items-center mt2"><span class="black inline-flex mr1" data-testid="product-ratings" data-value="4.4"><i class="ld ld-StarFill" style="font-size:12px;vertical-align:-0.175em;width:12px;height:12px;box-sizing:content-box" aria-hidden="true"></i><i class="ld ld-StarFill" style="font-size:12px;vertical-align:-0.175em;width:12px;height:12px;box-sizing:content-box" aria-hidden="true"></i><i class="ld ld-StarFill" style="font-size:12px;vertical-align:-0.175em;width:12px;height:12px;box-sizing:content-box" aria-hidden="true"></i><i class="ld ld-StarFill" style="font-size:12px;vertical-align:-0.175em;width:12px;height:12px;box-sizing:content-box" aria-hidden="true"></i><i class="ld ld-StarHalf" style="font-size:12px;vertical-align:-0.175em;width:12px;height:12px;box-sizing:content-box" aria-hidden="true"></i></span><span class="sans-serif gray f7" aria-hidden="true" data-testid="product-reviews" data-value="26">26</span><span class="w_iUH7">4.4 out of 5 Stars. 26 reviews</span></div><div></div><div class="mb2 mt2"><span class="w_iUH7">Available for Pickup or Delivery</span><span class="w_VbBP w_mFV6 w_I_19 w_3oNC w_AAn7 mr1 mt1 ph1" aria-hidden="true">Pickup</span><span class="w_VbBP w_mFV6 w_I_19 w_3oNC w_AAn7 mr1 mt1 ph1" aria-hidden="true">Delivery</span></div></div></li><li class="flex flex-column items-center pa1 pr2 pb2" data-slide="14"><div role="group" data-item-id="24414091" class="sans-serif mid-gray relative flex flex-column w-100 h-100 hide-child-opacity" data-testid="product-tile-14" aria-label="Product"><a link-identifier="24414091" class="absolute w-100 h-100 z-1 hide-sibling-opacity" target="" href="/ip/Pillsbury-Crescent-Rolls-Original-Refrigerated-Canned-Pastry-Dough-2-Pack-16-Rolls/24414091?athcpid=24414091&amp;athpgid=AthenaContentPage_7998220&amp;athcgid=null&amp;athznid=ItemCarousel_2d153eac-6031-4d14-8bf7-9be8cf8dcc30_items&amp;athieid=v0&amp;athstid=CS020&amp;athguid=NZweV7bKCjeEaERyHDHGZw0t96BAY2qGoaBn&amp;athancid=null&amp;athena=true&amp;athbdg=L1600"><span class="w_iUH7"><h3>Pillsbury Crescent Rolls, Original Refrigerated Canned Pastry Dough, 2-Pack, 16 Rolls</h3></span></a><div class="h2 relative mv2"><span class="w_VbBP w_mFV6 w_awtt w_3oNC w_3H8O tag-leading-badge absolute">Best seller</span></div><div class="relative"><div class="relative overflow-hidden" style="max-width:226px;height:0;padding-bottom:min(226px, 100%);align-self:center;width:min(226px, 100%)"><img loading="lazy" srcset="https://i5.walmartimages.com/asr/a05b316d-3144-4673-bdb2-8006e17fd6e9.1a4284b96657828fca081b3e703505c0.jpeg?odnHeight=226&amp;odnWidth=226&amp;odnBg=FFFFFF 1x, https://i5.walmartimages.com/asr/a05b316d-3144-4673-bdb2-8006e17fd6e9.1a4284b96657828fca081b3e703505c0.jpeg?odnHeight=576&amp;odnWidth=576&amp;odnBg=FFFFFF 2x" src="https://i5.walmartimages.com/asr/a05b316d-3144-4673-bdb2-8006e17fd6e9.1a4284b96657828fca081b3e703505c0.jpeg?odnHeight=576&amp;odnWidth=576&amp;odnBg=FFFFFF" width="" height="" class="absolute top-0 left-0" data-testid="productTileImage" alt="Pillsbury Crescent Rolls, Original Refrigerated Canned Pastry Dough, 2-Pack, 16 Rolls"/></div><div class="z-2 absolute bottom--1"><div class="relative dib" data-id="24414091"><button class="w_hhLG w_8nsR w_jDfj pointer bn sans-serif b ph2 flex items-center justify-center w-auto shadow-1" type="button" data-pcss-hide="true" data-automation-id="add-to-cart" aria-label="Add to cart - Pillsbury Crescent Rolls, Original Refrigerated Canned Pastry Dough, 2-Pack, 16 Rolls"><i class="ld ld-Plus" style="font-size:1.5rem;vertical-align:-0.25em;width:1.5rem;height:1.5rem;box-sizing:content-box" title="add to cart"></i><span class="mr2">Add</span></button></div></div></div><div class="mt5 mb0" style="height:24px" data-testid="variant-24414091"></div><div data-automation-id="product-price" class="flex flex-wrap justify-start items-center lh-title mb1-m"><div class="mr1 mr2-xl b black lh-copy f5 f4-l" aria-hidden="true">$5.68</div><span class="w_iUH7">current price $5.68</span><div class="gray mr1 f7 f6-l">35.5 ¢/oz</div></div><span class=""><span class="w_V_DM" style="-webkit-line-clamp:3;padding-bottom:0em;margin-bottom:-0em"><span data-automation-id="product-title" class="normal dark-gray mb0 mt1 lh-title f6 f5-l">Pillsbury Crescent Rolls, Original Refrigerated Canned Pastry Dough, 2-Pack, 16 Rolls</span></span></span><div class="flex items-center mt2"><span class="black inline-flex mr1" data-testid="product-ratings" data-value="4.8"><i class="ld ld-StarFill" style="font-size:12px;vertical-align:-0.175em;width:12px;height:12px;box-sizing:content-box" aria-hidden="true"></i><i class="ld ld-StarFill" style="font-size:12px;vertical-align:-0.175em;width:12px;height:12px;box-sizing:content-box" aria-hidden="true"></i><i class="ld ld-StarFill" style="font-size:12px;vertical-align:-0.175em;width:12px;height:12px;box-sizing:content-box" aria-hidden="true"></i><i class="ld ld-StarFill" style="font-size:12px;vertical-align:-0.175em;width:12px;height:12px;box-sizing:content-box" aria-hidden="true"></i><i class="ld ld-StarFill" style="font-size:12px;vertical-align:-0.175em;width:12px;height:12px;box-sizing:content-box" aria-hidden="true"></i></span><span class="sans-serif gray f7" aria-hidden="true" data-testid="product-reviews" data-value="3425">3425</span><span class="w_iUH7">4.8 out of 5 Stars. 3425 reviews</span></div><div></div><div class="mb2 mt2"><span class="w_iUH7">Available for Pickup or Delivery</span><span class="w_VbBP w_mFV6 w_I_19 w_3oNC w_AAn7 mr1 mt1 ph1" aria-hidden="true">Pickup</span><span class="w_VbBP w_mFV6 w_I_19 w_3oNC w_AAn7 mr1 mt1 ph1" aria-hidden="true">Delivery</span></div></div></li><li class="flex flex-column items-center pa1 pr2 pb2" data-slide="15"><div role="group" data-item-id="19400285" class="sans-serif mid-gray relative flex flex-column w-100 h-100 hide-child-opacity" data-testid="product-tile-15" aria-label="Product"><a link-identifier="19400285" class="absolute w-100 h-100 z-1 hide-sibling-opacity" target="" href="/ip/Marketside-Premium-Romaine-Salad-Blend-18-oz-Bag-Fresh/19400285?athcpid=19400285&amp;athpgid=AthenaContentPage_7998220&amp;athcgid=null&amp;athznid=ItemCarousel_2d153eac-6031-4d14-8bf7-9be8cf8dcc30_items&amp;athieid=v0&amp;athstid=CS020&amp;athguid=NZweV7bKCjeEaERyHDHGZw0t96BAY2qGoaBn&amp;athancid=null&amp;athena=true"><span class="w_iUH7"><h3>Marketside Premium Romaine Salad Blend, 18 oz Bag, Fresh</h3></span></a><div class="h2 relative mv2"></div><div class="relative"><div class="relative overflow-hidden" style="max-width:226px;height:0;padding-bottom:min(226px, 100%);align-self:center;width:min(226px, 100%)"><img loading="lazy" srcset="https://i5.walmartimages.com/asr/97d13162-03f0-4fbb-b8c7-053ae64970ae_3.f3d6672dbe8c9e89d658d9ce6d2b19d4.jpeg?odnHeight=226&amp;odnWidth=226&amp;odnBg=FFFFFF 1x, https://i5.walmartimages.com/asr/97d13162-03f0-4fbb-b8c7-053ae64970ae_3.f3d6672dbe8c9e89d658d9ce6d2b19d4.jpeg?odnHeight=576&amp;odnWidth=576&amp;odnBg=FFFFFF 2x" src="https://i5.walmartimages.com/asr/97d13162-03f0-4fbb-b8c7-053ae64970ae_3.f3d6672dbe8c9e89d658d9ce6d2b19d4.jpeg?odnHeight=576&amp;odnWidth=576&amp;odnBg=FFFFFF" width="" height="" class="absolute top-0 left-0" data-testid="productTileImage" alt="Marketside Premium Romaine Salad Blend, 18 oz Bag, Fresh"/></div><div class="z-2 absolute bottom--1"><div class="relative dib" data-id="19400285"><button class="w_hhLG w_8nsR w_jDfj pointer bn sans-serif b ph2 flex items-center justify-center w-auto shadow-1" type="button" data-pcss-hide="true" data-automation-id="add-to-cart" aria-label="Add to cart - Marketside Premium Romaine Salad Blend, 18 oz Bag, Fresh"><i class="ld ld-Plus" style="font-size:1.5rem;vertical-align:-0.25em;width:1.5rem;height:1.5rem;box-sizing:content-box" title="add to cart"></i><span class="mr2">Add</span></button></div></div></div><div class="mt5 mb0" style="height:24px" data-testid="variant-19400285"></div><div data-automation-id="product-price" class="flex flex-wrap justify-start items-center lh-title mb1-m"><div class="mr1 mr2-xl b black lh-copy f5 f4-l" aria-hidden="true">$4.98</div><span class="w_iUH7">current price $4.98</span><div class="gray mr1 f7 f6-l">27.7 ¢/oz</div></div><span class=""><span class="w_V_DM" style="-webkit-line-clamp:3;padding-bottom:0em;margin-bottom:-0em"><span data-automation-id="product-title" class="normal dark-gray mb0 mt1 lh-title f6 f5-l">Marketside Premium Romaine Salad Blend, 18 oz Bag, Fresh</span></span></span><div></div><div class="mb2 mt2"><span class="w_iUH7">Available for Pickup or Delivery</span><span class="w_VbBP w_mFV6 w_I_19 w_3oNC w_AAn7 mr1 mt1 ph1" aria-hidden="true">Pickup</span><span class="w_VbBP w_mFV6 w_I_19 w_3oNC w_AAn7 mr1 mt1 ph1" aria-hidden="true">Delivery</span></div></div></li><li class="flex flex-column items-center pa1 pr2 pb2" data-slide="16"><div role="group" data-item-id="21125867" class="sans-serif mid-gray relative flex flex-column w-100 h-100 hide-child-opacity" data-testid="product-tile-16" aria-label="Product"><a link-identifier="21125867" class="absolute w-100 h-100 z-1 hide-sibling-opacity" target="" href="/ip/Betty-Crocker-Au-Gratin-Potatoes-Made-with-Real-Cheese-Twin-Pack-8-8-oz/21125867?athcpid=21125867&amp;athpgid=AthenaContentPage_7998220&amp;athcgid=null&amp;athznid=ItemCarousel_2d153eac-6031-4d14-8bf7-9be8cf8dcc30_items&amp;athieid=v0&amp;athstid=CS020&amp;athguid=NZweV7bKCjeEaERyHDHGZw0t96BAY2qGoaBn&amp;athancid=null&amp;athena=true"><span class="w_iUH7"><h3>Betty Crocker Au Gratin Potatoes, Made with Real Cheese, Twin Pack, 8.8 oz.</h3></span></a><div class="h2 relative mv2"></div><div class="relative"><div class="relative overflow-hidden" style="max-width:226px;height:0;padding-bottom:min(226px, 100%);align-self:center;width:min(226px, 100%)"><img loading="lazy" srcset="https://i5.walmartimages.com/asr/bc6ca993-c03b-4d1a-a735-b068bf38c417.77a9c2e82163e4ee978fe8c4a1bd8e93.jpeg?odnHeight=226&amp;odnWidth=226&amp;odnBg=FFFFFF 1x, https://i5.walmartimages.com/asr/bc6ca993-c03b-4d1a-a735-b068bf38c417.77a9c2e82163e4ee978fe8c4a1bd8e93.jpeg?odnHeight=576&amp;odnWidth=576&amp;odnBg=FFFFFF 2x" src="https://i5.walmartimages.com/asr/bc6ca993-c03b-4d1a-a735-b068bf38c417.77a9c2e82163e4ee978fe8c4a1bd8e93.jpeg?odnHeight=576&amp;odnWidth=576&amp;odnBg=FFFFFF" width="" height="" class="absolute top-0 left-0" data-testid="productTileImage" alt="Betty Crocker Au Gratin Potatoes, Made with Real Cheese, Twin Pack, 8.8 oz."/></div><div class="z-2 absolute bottom--1"><div class="relative dib" data-id="21125867"><button class="w_hhLG w_8nsR w_jDfj pointer bn sans-serif b ph2 flex items-center justify-center w-auto shadow-1" type="button" data-pcss-hide="true" data-automation-id="add-to-cart" aria-label="Add to cart - Betty Crocker Au Gratin Potatoes, Made with Real Cheese, Twin Pack, 8.8 oz."><i class="ld ld-Plus" style="font-size:1.5rem;vertical-align:-0.25em;width:1.5rem;height:1.5rem;box-sizing:content-box" title="add to cart"></i><span class="mr2">Add</span></button></div></div></div><div class="mt5 mb0" style="height:24px" data-testid="variant-21125867"></div><div data-automation-id="product-price" class="flex flex-wrap justify-start items-center lh-title mb1-m"><div class="mr1 mr2-xl b black lh-copy f5 f4-l" aria-hidden="true">$3.28</div><span class="w_iUH7">current price $3.28</span><div class="gray mr1 f7 f6-l">37.3 ¢/oz</div></div><span class=""><span class="w_V_DM" style="-webkit-line-clamp:3;padding-bottom:0em;margin-bottom:-0em"><span data-automation-id="product-title" class="normal dark-gray mb0 mt1 lh-title f6 f5-l">Betty Crocker Au Gratin Potatoes, Made with Real Cheese, Twin Pack, 8.8 oz.</span></span></span><div class="flex items-center mt2"><span class="black inline-flex mr1" data-testid="product-ratings" data-value="4.6"><i class="ld ld-StarFill" style="font-size:12px;vertical-align:-0.175em;width:12px;height:12px;box-sizing:content-box" aria-hidden="true"></i><i class="ld ld-StarFill" style="font-size:12px;vertical-align:-0.175em;width:12px;height:12px;box-sizing:content-box" aria-hidden="true"></i><i class="ld ld-StarFill" style="font-size:12px;vertical-align:-0.175em;width:12px;height:12px;box-sizing:content-box" aria-hidden="true"></i><i class="ld ld-StarFill" style="font-size:12px;vertical-align:-0.175em;width:12px;height:12px;box-sizing:content-box" aria-hidden="true"></i><i class="ld ld-StarHalf" style="font-size:12px;vertical-align:-0.175em;width:12px;height:12px;box-sizing:content-box" aria-hidden="true"></i></span><span class="sans-serif gray f7" aria-hidden="true" data-testid="product-reviews" data-value="648">648</span><span class="w_iUH7">4.6 out of 5 Stars. 648 reviews</span></div><div></div><div class="mb2 mt2"><span class="w_iUH7">Available for Pickup or Delivery</span><span class="w_VbBP w_mFV6 w_I_19 w_3oNC w_AAn7 mr1 mt1 ph1" aria-hidden="true">Pickup</span><span class="w_VbBP w_mFV6 w_I_19 w_3oNC w_AAn7 mr1 mt1 ph1" aria-hidden="true">Delivery</span></div></div></li><li class="flex flex-column items-center pa1 pr2 pb2" data-slide="17"><div role="group" data-item-id="480571373" class="sans-serif mid-gray relative flex flex-column w-100 h-100 hide-child-opacity" data-testid="product-tile-17" aria-label="Product"><a link-identifier="480571373" class="absolute w-100 h-100 z-1 hide-sibling-opacity" target="" href="/ip/Birds-Eye-Oven-Roasters-Brussels-Sprouts-Carrots-14-oz-Frozen/480571373?athcpid=480571373&amp;athpgid=AthenaContentPage_7998220&amp;athcgid=null&amp;athznid=ItemCarousel_2d153eac-6031-4d14-8bf7-9be8cf8dcc30_items&amp;athieid=v0&amp;athstid=CS020&amp;athguid=NZweV7bKCjeEaERyHDHGZw0t96BAY2qGoaBn&amp;athancid=null&amp;athena=true"><span class="w_iUH7"><h3>Birds Eye Oven Roasters Brussels Sprouts &amp; Carrots, 14 oz (Frozen)</h3></span></a><div class="h2 relative mv2"></div><div class="relative"><div class="relative overflow-hidden" style="max-width:226px;height:0;padding-bottom:min(226px, 100%);align-self:center;width:min(226px, 100%)"><img loading="lazy" srcset="https://i5.walmartimages.com/asr/d9a02ef5-edbe-4a26-929b-c9bc113b8a2a.56fd46115d13accc731b5a6d3916e7ed.jpeg?odnHeight=226&amp;odnWidth=226&amp;odnBg=FFFFFF 1x, https://i5.walmartimages.com/asr/d9a02ef5-edbe-4a26-929b-c9bc113b8a2a.56fd46115d13accc731b5a6d3916e7ed.jpeg?odnHeight=576&amp;odnWidth=576&amp;odnBg=FFFFFF 2x" src="https://i5.walmartimages.com/asr/d9a02ef5-edbe-4a26-929b-c9bc113b8a2a.56fd46115d13accc731b5a6d3916e7ed.jpeg?odnHeight=576&amp;odnWidth=576&amp;odnBg=FFFFFF" width="" height="" class="absolute top-0 left-0" data-testid="productTileImage" alt="Birds Eye Oven Roasters Brussels Sprouts &amp; Carrots, 14 oz (Frozen)"/></div><div class="z-2 absolute bottom--1"><div class="relative dib" data-id="480571373"><button class="w_hhLG w_8nsR w_jDfj pointer bn sans-serif b ph2 flex items-center justify-center w-auto shadow-1" type="button" data-pcss-hide="true" data-automation-id="add-to-cart" aria-label="Add to cart - Birds Eye Oven Roasters Brussels Sprouts &amp; Carrots, 14 oz (Frozen)"><i class="ld ld-Plus" style="font-size:1.5rem;vertical-align:-0.25em;width:1.5rem;height:1.5rem;box-sizing:content-box" title="add to cart"></i><span class="mr2">Add</span></button></div></div></div><div class="mt5 mb0" style="height:24px" data-testid="variant-480571373"></div><div data-automation-id="product-price" class="flex flex-wrap justify-start items-center lh-title mb1-m"><div class="mr1 mr2-xl b black lh-copy f5 f4-l" aria-hidden="true">$3.12</div><span class="w_iUH7">current price $3.12</span><div class="gray mr1 f7 f6-l">20.8 ¢/oz</div></div><span class=""><span class="w_V_DM" style="-webkit-line-clamp:3;padding-bottom:0em;margin-bottom:-0em"><span data-automation-id="product-title" class="normal dark-gray mb0 mt1 lh-title f6 f5-l">Birds Eye Oven Roasters Brussels Sprouts &amp; Carrots, 14 oz (Frozen)</span></span></span><div class="flex items-center mt2"><span class="black inline-flex mr1" data-testid="product-ratings" data-value="2.9"><i class="ld ld-StarFill" style="font-size:12px;vertical-align:-0.175em;width:12px;height:12px;box-sizing:content-box" aria-hidden="true"></i><i class="ld ld-StarFill" style="font-size:12px;vertical-align:-0.175em;width:12px;height:12px;box-sizing:content-box" aria-hidden="true"></i><i class="ld ld-StarFill" style="font-size:12px;vertical-align:-0.175em;width:12px;height:12px;box-sizing:content-box" aria-hidden="true"></i><i class="ld ld-Star" style="font-size:12px;vertical-align:-0.175em;width:12px;height:12px;box-sizing:content-box" aria-hidden="true"></i><i class="ld ld-Star" style="font-size:12px;vertical-align:-0.175em;width:12px;height:12px;box-sizing:content-box" aria-hidden="true"></i></span><span class="sans-serif gray f7" aria-hidden="true" data-testid="product-reviews" data-value="60">60</span><span class="w_iUH7">2.9 out of 5 Stars. 60 reviews</span></div><div></div><div class="mb2 mt2"><span class="w_iUH7">Available for Pickup or Delivery</span><span class="w_VbBP w_mFV6 w_I_19 w_3oNC w_AAn7 mr1 mt1 ph1" aria-hidden="true">Pickup</span><span class="w_VbBP w_mFV6 w_I_19 w_3oNC w_AAn7 mr1 mt1 ph1" aria-hidden="true">Delivery</span></div></div></li></ul><a link-identifier="horizontalScrollerNext" class="absolute dn z-5 bg-white br-100 pa0 pointer db-l br-100 nav-control right-1" aria-label="Next slide for Product Carousel list" data-testid="horizontal-scroller-next" role="button"><i class="ld ld-ChevronRight" style="font-size:1.5rem;vertical-align:-0.25em;padding:12px;width:1.5rem;height:1.5rem;box-sizing:content-box"></i></a></div></section></section></div> <div class="mv3 mv4-xl ml3 ml0-l bb b--near-white"><section><section><header class="flex justify-between mb3 mb2-m pr3 pr4-m pr0-xl items-baseline"><section style="flex:1"><div><div><div class="inline-flex "><h2 class="f4 f3-m lh-title ma0 ">Fresh produce</h2></div></div></div></section><a link-identifier="View all" class="black f6" href="https://www.walmart.com/browse/food/holiday-fresh-frozen-produce/976759_1567409_7998220_4305948_4507494?povid=976759_ItemCarousel_7998220_Produce_101723">View all</a></header><div class="flex flex-column justify-center relative" data-testid="horizontal-scroller-Product Carousel"><a link-identifier="horizontalScrollerPrevious" class="absolute dn z-5 bg-white br-100 pa0 pointer hidden-child br-100 nav-control left-1" aria-label="Previous slide for Product Carousel list" data-testid="horizontal-scroller-previous" role="button"><i class="ld ld-ChevronLeft" style="font-size:1.5rem;vertical-align:-0.25em;padding:12px;width:1.5rem;height:1.5rem;box-sizing:content-box"></i></a><ul style="display:grid;grid-auto-flow:column;scroll-snap-type:x mandatory;max-height:fit-content" class="list ma0 pl0 overflow-x-scroll hidesb hidesb-wk relative overflow-y-hidden carousel-peek-2 carousel-6-l carousel-3-m pr3-m" data-testid="carousel-container"><li class="flex flex-column items-center pa1 pr2 pb2" data-slide="0"><div role="group" data-item-id="10451316" class="sans-serif mid-gray relative flex flex-column w-100 h-100 hide-child-opacity" data-testid="product-tile-0" aria-label="Product"><a link-identifier="10451316" class="absolute w-100 h-100 z-1 hide-sibling-opacity" target="" href="/ip/Fresh-Baby-Cut-Carrots-2lb-Bag/10451316?athcpid=10451316&amp;athpgid=AthenaContentPage_7998220&amp;athcgid=null&amp;athznid=ItemCarousel_b47226a9-b24c-4208-a426-adfc451b3b39_items&amp;athieid=v0&amp;athstid=CS020&amp;athguid=NZweV7bKCjeEaERyHDHGZw0t96BAY2qGoaBn&amp;athancid=null&amp;athena=true&amp;athbdg=L1600"><span class="w_iUH7"><h3>Fresh Baby-Cut Carrots, 2lb Bag</h3></span></a><div class="h2 relative mv2"><span class="w_VbBP w_mFV6 w_awtt w_3oNC w_3H8O tag-leading-badge absolute">Best seller</span></div><div class="relative"><div class="relative overflow-hidden" style="max-width:226px;height:0;padding-bottom:min(226px, 100%);align-self:center;width:min(226px, 100%)"><img loading="lazy" srcset="https://i5.walmartimages.com/asr/7e8ec89d-158d-41d7-9dd4-aada713d1227.bda0fd4fa50396bc2205c1ca2e38ea75.jpeg?odnHeight=226&amp;odnWidth=226&amp;odnBg=FFFFFF 1x, https://i5.walmartimages.com/asr/7e8ec89d-158d-41d7-9dd4-aada713d1227.bda0fd4fa50396bc2205c1ca2e38ea75.jpeg?odnHeight=576&amp;odnWidth=576&amp;odnBg=FFFFFF 2x" src="https://i5.walmartimages.com/asr/7e8ec89d-158d-41d7-9dd4-aada713d1227.bda0fd4fa50396bc2205c1ca2e38ea75.jpeg?odnHeight=576&amp;odnWidth=576&amp;odnBg=FFFFFF" width="" height="" class="absolute top-0 left-0" data-testid="productTileImage" alt="Fresh Baby-Cut Carrots, 2lb Bag"/></div><div class="z-2 absolute bottom--1"><div class="relative dib" data-id="10451316"><button class="w_hhLG w_8nsR w_jDfj pointer bn sans-serif b ph2 flex items-center justify-center w-auto shadow-1" type="button" data-pcss-hide="true" data-automation-id="add-to-cart" aria-label="Add to cart - Fresh Baby-Cut Carrots, 2lb Bag"><i class="ld ld-Plus" style="font-size:1.5rem;vertical-align:-0.25em;width:1.5rem;height:1.5rem;box-sizing:content-box" title="add to cart"></i><span class="mr2">Add</span></button></div></div></div><div class="mt5 mb0" style="height:24px" data-testid="variant-10451316"></div><div data-automation-id="product-price" class="flex flex-wrap justify-start items-center lh-title mb1-m"><div class="mr1 mr2-xl b black green lh-copy f5 f4-l" aria-hidden="true">Now $1.48</div><span class="w_iUH7">current price Now $1.48</span><div class="gray mr1 strike f7 f6-l" aria-hidden="true">$2.44</div><span class="w_iUH7">Was $2.44</span><div class="gray mr1 f7 f6-l">4.6 ¢/oz</div></div><span class=""><span class="w_V_DM" style="-webkit-line-clamp:3;padding-bottom:0em;margin-bottom:-0em"><span data-automation-id="product-title" class="normal dark-gray mb0 mt1 lh-title f6 f5-l">Fresh Baby-Cut Carrots, 2lb Bag</span></span></span><div class="flex items-center mt2"><span class="black inline-flex mr1" data-testid="product-ratings" data-value="2.9"><i class="ld ld-StarFill" style="font-size:12px;vertical-align:-0.175em;width:12px;height:12px;box-sizing:content-box" aria-hidden="true"></i><i class="ld ld-StarFill" style="font-size:12px;vertical-align:-0.175em;width:12px;height:12px;box-sizing:content-box" aria-hidden="true"></i><i class="ld ld-StarFill" style="font-size:12px;vertical-align:-0.175em;width:12px;height:12px;box-sizing:content-box" aria-hidden="true"></i><i class="ld ld-Star" style="font-size:12px;vertical-align:-0.175em;width:12px;height:12px;box-sizing:content-box" aria-hidden="true"></i><i class="ld ld-Star" style="font-size:12px;vertical-align:-0.175em;width:12px;height:12px;box-sizing:content-box" aria-hidden="true"></i></span><span class="sans-serif gray f7" aria-hidden="true" data-testid="product-reviews" data-value="443">443</span><span class="w_iUH7">2.9 out of 5 Stars. 443 reviews</span></div><div></div><div class="mb2 mt2"><span class="w_iUH7">Available for Pickup or Delivery</span><span class="w_VbBP w_mFV6 w_I_19 w_3oNC w_AAn7 mr1 mt1 ph1" aria-hidden="true">Pickup</span><span class="w_VbBP w_mFV6 w_I_19 w_3oNC w_AAn7 mr1 mt1 ph1" aria-hidden="true">Delivery</span></div></div></li><li class="flex flex-column items-center pa1 pr2 pb2" data-slide="1"><div role="group" data-item-id="13399617" class="sans-serif mid-gray relative flex flex-column w-100 h-100 hide-child-opacity" data-testid="product-tile-1" aria-label="Product"><a link-identifier="13399617" class="absolute w-100 h-100 z-1 hide-sibling-opacity" target="" href="/ip/Broccoli-Florets-12-oz/13399617?athcpid=13399617&amp;athpgid=AthenaContentPage_7998220&amp;athcgid=null&amp;athznid=ItemCarousel_b47226a9-b24c-4208-a426-adfc451b3b39_items&amp;athieid=v0&amp;athstid=CS020&amp;athguid=NZweV7bKCjeEaERyHDHGZw0t96BAY2qGoaBn&amp;athancid=null&amp;athena=true&amp;athbdg=L1600"><span class="w_iUH7"><h3>Broccoli Florets, 12 oz</h3></span></a><div class="h2 relative mv2"><span class="w_VbBP w_mFV6 w_awtt w_3oNC w_3H8O tag-leading-badge absolute">Best seller</span></div><div class="relative"><div class="relative overflow-hidden" style="max-width:226px;height:0;padding-bottom:min(226px, 100%);align-self:center;width:min(226px, 100%)"><img loading="lazy" srcset="https://i5.walmartimages.com/asr/e9ba3263-86ad-42c8-b713-8e4065ac9d5c.3fe2190a3c18d151428448332affaf36.jpeg?odnHeight=226&amp;odnWidth=226&amp;odnBg=FFFFFF 1x, https://i5.walmartimages.com/asr/e9ba3263-86ad-42c8-b713-8e4065ac9d5c.3fe2190a3c18d151428448332affaf36.jpeg?odnHeight=576&amp;odnWidth=576&amp;odnBg=FFFFFF 2x" src="https://i5.walmartimages.com/asr/e9ba3263-86ad-42c8-b713-8e4065ac9d5c.3fe2190a3c18d151428448332affaf36.jpeg?odnHeight=576&amp;odnWidth=576&amp;odnBg=FFFFFF" width="" height="" class="absolute top-0 left-0" data-testid="productTileImage" alt="Broccoli Florets, 12 oz"/></div><div class="z-2 absolute bottom--1"><div class="relative dib" data-id="13399617"><button class="w_hhLG w_8nsR w_jDfj pointer bn sans-serif b ph2 flex items-center justify-center w-auto shadow-1" type="button" data-pcss-hide="true" data-automation-id="add-to-cart" aria-label="Add to cart - Broccoli Florets, 12 oz"><i class="ld ld-Plus" style="font-size:1.5rem;vertical-align:-0.25em;width:1.5rem;height:1.5rem;box-sizing:content-box" title="add to cart"></i><span class="mr2">Add</span></button></div></div></div><div class="mt5 mb0" style="height:24px" data-testid="variant-13399617"></div><div data-automation-id="product-price" class="flex flex-wrap justify-start items-center lh-title mb1-m"><div class="mr1 mr2-xl b black green lh-copy f5 f4-l" aria-hidden="true">Now $2.57</div><span class="w_iUH7">current price Now $2.57</span><div class="gray mr1 strike f7 f6-l" aria-hidden="true">$2.88</div><span class="w_iUH7">Was $2.88</span><div class="gray mr1 f7 f6-l">21.4 ¢/oz</div></div><span class=""><span class="w_V_DM" style="-webkit-line-clamp:3;padding-bottom:0em;margin-bottom:-0em"><span data-automation-id="product-title" class="normal dark-gray mb0 mt1 lh-title f6 f5-l">Broccoli Florets, 12 oz</span></span></span><div class="flex items-center mt2"><span class="black inline-flex mr1" data-testid="product-ratings" data-value="2.5"><i class="ld ld-StarFill" style="font-size:12px;vertical-align:-0.175em;width:12px;height:12px;box-sizing:content-box" aria-hidden="true"></i><i class="ld ld-StarFill" style="font-size:12px;vertical-align:-0.175em;width:12px;height:12px;box-sizing:content-box" aria-hidden="true"></i><i class="ld ld-StarHalf" style="font-size:12px;vertical-align:-0.175em;width:12px;height:12px;box-sizing:content-box" aria-hidden="true"></i><i class="ld ld-Star" style="font-size:12px;vertical-align:-0.175em;width:12px;height:12px;box-sizing:content-box" aria-hidden="true"></i><i class="ld ld-Star" style="font-size:12px;vertical-align:-0.175em;width:12px;height:12px;box-sizing:content-box" aria-hidden="true"></i></span><span class="sans-serif gray f7" aria-hidden="true" data-testid="product-reviews" data-value="354">354</span><span class="w_iUH7">2.5 out of 5 Stars. 354 reviews</span></div><div></div><div class="mb2 mt2"><span class="w_iUH7">Available for Pickup or Delivery</span><span class="w_VbBP w_mFV6 w_I_19 w_3oNC w_AAn7 mr1 mt1 ph1" aria-hidden="true">Pickup</span><span class="w_VbBP w_mFV6 w_I_19 w_3oNC w_AAn7 mr1 mt1 ph1" aria-hidden="true">Delivery</span></div></div></li><li class="flex flex-column items-center pa1 pr2 pb2" data-slide="2"><div role="group" data-item-id="14053328" class="sans-serif mid-gray relative flex flex-column w-100 h-100 hide-child-opacity" data-testid="product-tile-2" aria-label="Product"><a link-identifier="14053328" class="absolute w-100 h-100 z-1 hide-sibling-opacity" target="" href="/ip/Marketside-Fresh-Green-Beans-12-oz/14053328?athcpid=14053328&amp;athpgid=AthenaContentPage_7998220&amp;athcgid=null&amp;athznid=ItemCarousel_b47226a9-b24c-4208-a426-adfc451b3b39_items&amp;athieid=v0&amp;athstid=CS020&amp;athguid=NZweV7bKCjeEaERyHDHGZw0t96BAY2qGoaBn&amp;athancid=null&amp;athena=true&amp;athbdg=L1600"><span class="w_iUH7"><h3>Marketside Fresh Green Beans, 12 oz</h3></span></a><div class="h2 relative mv2"><span class="w_VbBP w_mFV6 w_awtt w_3oNC w_3H8O tag-leading-badge absolute">Best seller</span></div><div class="relative"><div class="relative overflow-hidden" style="max-width:226px;height:0;padding-bottom:min(226px, 100%);align-self:center;width:min(226px, 100%)"><img loading="lazy" srcset="https://i5.walmartimages.com/asr/103b22cf-1823-4c22-bea5-fdd627641db8.143d5bcd166225f7f545acc62faf158e.jpeg?odnHeight=226&amp;odnWidth=226&amp;odnBg=FFFFFF 1x, https://i5.walmartimages.com/asr/103b22cf-1823-4c22-bea5-fdd627641db8.143d5bcd166225f7f545acc62faf158e.jpeg?odnHeight=576&amp;odnWidth=576&amp;odnBg=FFFFFF 2x" src="https://i5.walmartimages.com/asr/103b22cf-1823-4c22-bea5-fdd627641db8.143d5bcd166225f7f545acc62faf158e.jpeg?odnHeight=576&amp;odnWidth=576&amp;odnBg=FFFFFF" width="" height="" class="absolute top-0 left-0" data-testid="productTileImage" alt="Marketside Fresh Green Beans, 12 oz"/></div><div class="z-2 absolute bottom--1"><div class="relative dib" data-id="14053328"><button class="w_hhLG w_8nsR w_jDfj pointer bn sans-serif b ph2 flex items-center justify-center w-auto shadow-1" type="button" data-pcss-hide="true" data-automation-id="add-to-cart" aria-label="Add to cart - Marketside Fresh Green Beans, 12 oz"><i class="ld ld-Plus" style="font-size:1.5rem;vertical-align:-0.25em;width:1.5rem;height:1.5rem;box-sizing:content-box" title="add to cart"></i><span class="mr2">Add</span></button></div></div></div><div class="mt5 mb0" style="height:24px" data-testid="variant-14053328"></div><div data-automation-id="product-price" class="flex flex-wrap justify-start items-center lh-title mb1-m"><div class="mr1 mr2-xl b black green lh-copy f5 f4-l" aria-hidden="true">Now $2.57</div><span class="w_iUH7">current price Now $2.57</span><div class="gray mr1 strike f7 f6-l" aria-hidden="true">$2.88</div><span class="w_iUH7">Was $2.88</span><div class="gray mr1 f7 f6-l">21.4 ¢/oz</div></div><span class=""><span class="w_V_DM" style="-webkit-line-clamp:3;padding-bottom:0em;margin-bottom:-0em"><span data-automation-id="product-title" class="normal dark-gray mb0 mt1 lh-title f6 f5-l">Marketside Fresh Green Beans, 12 oz</span></span></span><div class="flex items-center mt2"><span class="black inline-flex mr1" data-testid="product-ratings" data-value="1.7"><i class="ld ld-StarFill" style="font-size:12px;vertical-align:-0.175em;width:12px;height:12px;box-sizing:content-box" aria-hidden="true"></i><i class="ld ld-StarHalf" style="font-size:12px;vertical-align:-0.175em;width:12px;height:12px;box-sizing:content-box" aria-hidden="true"></i><i class="ld ld-Star" style="font-size:12px;vertical-align:-0.175em;width:12px;height:12px;box-sizing:content-box" aria-hidden="true"></i><i class="ld ld-Star" style="font-size:12px;vertical-align:-0.175em;width:12px;height:12px;box-sizing:content-box" aria-hidden="true"></i><i class="ld ld-Star" style="font-size:12px;vertical-align:-0.175em;width:12px;height:12px;box-sizing:content-box" aria-hidden="true"></i></span><span class="sans-serif gray f7" aria-hidden="true" data-testid="product-reviews" data-value="398">398</span><span class="w_iUH7">1.7 out of 5 Stars. 398 reviews</span></div><div></div><div class="mb2 mt2"><span class="w_iUH7">Available for Pickup or Delivery</span><span class="w_VbBP w_mFV6 w_I_19 w_3oNC w_AAn7 mr1 mt1 ph1" aria-hidden="true">Pickup</span><span class="w_VbBP w_mFV6 w_I_19 w_3oNC w_AAn7 mr1 mt1 ph1" aria-hidden="true">Delivery</span></div></div></li><li class="flex flex-column items-center pa1 pr2 pb2" data-slide="3"><div role="group" data-item-id="10423113" class="sans-serif mid-gray relative flex flex-column w-100 h-100 hide-child-opacity" data-testid="product-tile-3" aria-label="Product"><a link-identifier="10423113" class="absolute w-100 h-100 z-1 hide-sibling-opacity" target="" href="/ip/Fresh-Chopped-Collard-Greens-32-oz/10423113?athcpid=10423113&amp;athpgid=AthenaContentPage_7998220&amp;athcgid=null&amp;athznid=ItemCarousel_b47226a9-b24c-4208-a426-adfc451b3b39_items&amp;athieid=v0&amp;athstid=CS020&amp;athguid=NZweV7bKCjeEaERyHDHGZw0t96BAY2qGoaBn&amp;athancid=null&amp;athena=true"><span class="w_iUH7"><h3>Fresh Chopped Collard Greens, 32 oz</h3></span></a><div class="h2 relative mv2"></div><div class="relative"><div class="relative overflow-hidden" style="max-width:226px;height:0;padding-bottom:min(226px, 100%);align-self:center;width:min(226px, 100%)"><img loading="lazy" srcset="https://i5.walmartimages.com/asr/570e6f81-ea5d-42ec-921f-65ed8c1d779e.4560ecfc3287868cd04f51ea44eeb48c.jpeg?odnHeight=226&amp;odnWidth=226&amp;odnBg=FFFFFF 1x, https://i5.walmartimages.com/asr/570e6f81-ea5d-42ec-921f-65ed8c1d779e.4560ecfc3287868cd04f51ea44eeb48c.jpeg?odnHeight=576&amp;odnWidth=576&amp;odnBg=FFFFFF 2x" src="https://i5.walmartimages.com/asr/570e6f81-ea5d-42ec-921f-65ed8c1d779e.4560ecfc3287868cd04f51ea44eeb48c.jpeg?odnHeight=576&amp;odnWidth=576&amp;odnBg=FFFFFF" width="" height="" class="absolute top-0 left-0" data-testid="productTileImage" alt="Fresh Chopped Collard Greens, 32 oz"/></div><div class="z-2 absolute bottom--1"><div class="relative dib" data-id="10423113"><button class="w_hhLG w_8nsR w_jDfj pointer bn sans-serif b ph2 flex items-center justify-center w-auto shadow-1" type="button" data-pcss-hide="true" data-automation-id="add-to-cart" aria-label="Add to cart - Fresh Chopped Collard Greens, 32 oz"><i class="ld ld-Plus" style="font-size:1.5rem;vertical-align:-0.25em;width:1.5rem;height:1.5rem;box-sizing:content-box" title="add to cart"></i><span class="mr2">Add</span></button></div></div></div><div class="mt5 mb0" style="height:24px" data-testid="variant-10423113"></div><div data-automation-id="product-price" class="flex flex-wrap justify-start items-center lh-title mb1-m"><div class="mr1 mr2-xl b black lh-copy f5 f4-l" aria-hidden="true">$4.98</div><span class="w_iUH7">current price $4.98</span><div class="gray mr1 f7 f6-l">15.6 ¢/oz</div></div><span class=""><span class="w_V_DM" style="-webkit-line-clamp:3;padding-bottom:0em;margin-bottom:-0em"><span data-automation-id="product-title" class="normal dark-gray mb0 mt1 lh-title f6 f5-l">Fresh Chopped Collard Greens, 32 oz</span></span></span><div class="flex items-center mt2"><span class="black inline-flex mr1" data-testid="product-ratings" data-value="2.2"><i class="ld ld-StarFill" style="font-size:12px;vertical-align:-0.175em;width:12px;height:12px;box-sizing:content-box" aria-hidden="true"></i><i class="ld ld-StarFill" style="font-size:12px;vertical-align:-0.175em;width:12px;height:12px;box-sizing:content-box" aria-hidden="true"></i><i class="ld ld-Star" style="font-size:12px;vertical-align:-0.175em;width:12px;height:12px;box-sizing:content-box" aria-hidden="true"></i><i class="ld ld-Star" style="font-size:12px;vertical-align:-0.175em;width:12px;height:12px;box-sizing:content-box" aria-hidden="true"></i><i class="ld ld-Star" style="font-size:12px;vertical-align:-0.175em;width:12px;height:12px;box-sizing:content-box" aria-hidden="true"></i></span><span class="sans-serif gray f7" aria-hidden="true" data-testid="product-reviews" data-value="199">199</span><span class="w_iUH7">2.2 out of 5 Stars. 199 reviews</span></div><div></div><div class="mb2 mt2"><span class="w_iUH7">Available for Pickup or Delivery</span><span class="w_VbBP w_mFV6 w_I_19 w_3oNC w_AAn7 mr1 mt1 ph1" aria-hidden="true">Pickup</span><span class="w_VbBP w_mFV6 w_I_19 w_3oNC w_AAn7 mr1 mt1 ph1" aria-hidden="true">Delivery</span></div></div></li><li class="flex flex-column items-center pa1 pr2 pb2" data-slide="4"><div role="group" data-item-id="51259385" class="sans-serif mid-gray relative flex flex-column w-100 h-100 hide-child-opacity" data-testid="product-tile-4" aria-label="Product"><a link-identifier="51259385" class="absolute w-100 h-100 z-1 hide-sibling-opacity" target="" href="/ip/Fresh-Brussels-Sprouts-1-lb-Bag/51259385?athcpid=51259385&amp;athpgid=AthenaContentPage_7998220&amp;athcgid=null&amp;athznid=ItemCarousel_b47226a9-b24c-4208-a426-adfc451b3b39_items&amp;athieid=v0&amp;athstid=CS020&amp;athguid=NZweV7bKCjeEaERyHDHGZw0t96BAY2qGoaBn&amp;athancid=null&amp;athena=true&amp;athbdg=L1600"><span class="w_iUH7"><h3>Fresh Brussels Sprouts, 1 lb Bag</h3></span></a><div class="h2 relative mv2"><span class="w_VbBP w_mFV6 w_awtt w_3oNC w_3H8O tag-leading-badge absolute">Best seller</span></div><div class="relative"><div class="relative overflow-hidden" style="max-width:226px;height:0;padding-bottom:min(226px, 100%);align-self:center;width:min(226px, 100%)"><img loading="lazy" srcset="https://i5.walmartimages.com/asr/b2e89856-4554-4a74-86bc-deec81ce9678.f4b6c5b369a7b7c3b8970848c1fe570d.jpeg?odnHeight=226&amp;odnWidth=226&amp;odnBg=FFFFFF 1x, https://i5.walmartimages.com/asr/b2e89856-4554-4a74-86bc-deec81ce9678.f4b6c5b369a7b7c3b8970848c1fe570d.jpeg?odnHeight=576&amp;odnWidth=576&amp;odnBg=FFFFFF 2x" src="https://i5.walmartimages.com/asr/b2e89856-4554-4a74-86bc-deec81ce9678.f4b6c5b369a7b7c3b8970848c1fe570d.jpeg?odnHeight=576&amp;odnWidth=576&amp;odnBg=FFFFFF" width="" height="" class="absolute top-0 left-0" data-testid="productTileImage" alt="Fresh Brussels Sprouts, 1 lb Bag"/></div><div class="z-2 absolute bottom--1"><div class="relative dib" data-id="51259385"><button class="w_hhLG w_8nsR w_jDfj pointer bn sans-serif b ph2 flex items-center justify-center w-auto shadow-1" type="button" data-pcss-hide="true" data-automation-id="add-to-cart" aria-label="Add to cart - Fresh Brussels Sprouts, 1 lb Bag"><i class="ld ld-Plus" style="font-size:1.5rem;vertical-align:-0.25em;width:1.5rem;height:1.5rem;box-sizing:content-box" title="add to cart"></i><span class="mr2">Add</span></button></div></div></div><div class="mt5 mb0" style="height:24px" data-testid="variant-51259385"></div><div data-automation-id="product-price" class="flex flex-wrap justify-start items-center lh-title mb1-m"><div class="mr1 mr2-xl b black lh-copy f5 f4-l" aria-hidden="true">$2.98</div><span class="w_iUH7">current price $2.98</span><div class="gray mr1 f7 f6-l">18.6 ¢/oz</div></div><span class=""><span class="w_V_DM" style="-webkit-line-clamp:3;padding-bottom:0em;margin-bottom:-0em"><span data-automation-id="product-title" class="normal dark-gray mb0 mt1 lh-title f6 f5-l">Fresh Brussels Sprouts, 1 lb Bag</span></span></span><div class="flex items-center mt2"><span class="black inline-flex mr1" data-testid="product-ratings" data-value="1.9"><i class="ld ld-StarFill" style="font-size:12px;vertical-align:-0.175em;width:12px;height:12px;box-sizing:content-box" aria-hidden="true"></i><i class="ld ld-StarFill" style="font-size:12px;vertical-align:-0.175em;width:12px;height:12px;box-sizing:content-box" aria-hidden="true"></i><i class="ld ld-Star" style="font-size:12px;vertical-align:-0.175em;width:12px;height:12px;box-sizing:content-box" aria-hidden="true"></i><i class="ld ld-Star" style="font-size:12px;vertical-align:-0.175em;width:12px;height:12px;box-sizing:content-box" aria-hidden="true"></i><i class="ld ld-Star" style="font-size:12px;vertical-align:-0.175em;width:12px;height:12px;box-sizing:content-box" aria-hidden="true"></i></span><span class="sans-serif gray f7" aria-hidden="true" data-testid="product-reviews" data-value="382">382</span><span class="w_iUH7">1.9 out of 5 Stars. 382 reviews</span></div><div></div><div class="mb2 mt2"><span class="w_iUH7">Available for Pickup or Delivery</span><span class="w_VbBP w_mFV6 w_I_19 w_3oNC w_AAn7 mr1 mt1 ph1" aria-hidden="true">Pickup</span><span class="w_VbBP w_mFV6 w_I_19 w_3oNC w_AAn7 mr1 mt1 ph1" aria-hidden="true">Delivery</span></div></div></li><li class="flex flex-column items-center pa1 pr2 pb2" data-slide="5"><div role="group" data-item-id="44390952" class="sans-serif mid-gray relative flex flex-column w-100 h-100 hide-child-opacity" data-testid="product-tile-5" aria-label="Product"><a link-identifier="44390952" class="absolute w-100 h-100 z-1 hide-sibling-opacity" target="" href="/ip/Fresh-Cut-and-Harvested-Produce-Asparagus-Bunch/44390952?athcpid=44390952&amp;athpgid=AthenaContentPage_7998220&amp;athcgid=null&amp;athznid=ItemCarousel_b47226a9-b24c-4208-a426-adfc451b3b39_items&amp;athieid=v0&amp;athstid=CS020&amp;athguid=NZweV7bKCjeEaERyHDHGZw0t96BAY2qGoaBn&amp;athancid=null&amp;athena=true&amp;athbdg=L1600"><span class="w_iUH7"><h3>Fresh Cut and Harvested Produce Asparagus, Bunch</h3></span></a><div class="h2 relative mv2"><span class="w_VbBP w_mFV6 w_awtt w_3oNC w_3H8O tag-leading-badge absolute">Best seller</span></div><div class="relative"><div class="relative overflow-hidden" style="max-width:226px;height:0;padding-bottom:min(226px, 100%);align-self:center;width:min(226px, 100%)"><img loading="lazy" srcset="https://i5.walmartimages.com/asr/f762d937-60c5-42d4-88c2-9bcab37c5bbd.85beb0fe32a4fe683efd98a88be6dd76.jpeg?odnHeight=226&amp;odnWidth=226&amp;odnBg=FFFFFF 1x, https://i5.walmartimages.com/asr/f762d937-60c5-42d4-88c2-9bcab37c5bbd.85beb0fe32a4fe683efd98a88be6dd76.jpeg?odnHeight=576&amp;odnWidth=576&amp;odnBg=FFFFFF 2x" src="https://i5.walmartimages.com/asr/f762d937-60c5-42d4-88c2-9bcab37c5bbd.85beb0fe32a4fe683efd98a88be6dd76.jpeg?odnHeight=576&amp;odnWidth=576&amp;odnBg=FFFFFF" width="" height="" class="absolute top-0 left-0" data-testid="productTileImage" alt="Fresh Cut and Harvested Produce Asparagus, Bunch"/></div><div class="z-2 absolute bottom--1"><div class="relative dib" data-id="44390952"><button class="w_hhLG w_8nsR w_jDfj pointer bn sans-serif b ph2 flex items-center justify-center w-auto shadow-1" type="button" data-pcss-hide="true" data-automation-id="add-to-cart" aria-label="Add to cart - Fresh Cut and Harvested Produce Asparagus, Bunch"><i class="ld ld-Plus" style="font-size:1.5rem;vertical-align:-0.25em;width:1.5rem;height:1.5rem;box-sizing:content-box" title="add to cart"></i><span class="mr2">Add</span></button></div></div></div><div class="mt5 mb0" style="height:24px" data-testid="variant-44390952"></div><div data-automation-id="product-price" class="flex flex-wrap justify-start items-center lh-title mb1-m"><div class="mr1 mr2-xl b black lh-copy f5 f4-l" aria-hidden="true">$3.67</div><span class="w_iUH7">current price $3.67</span></div><span class=""><span class="w_V_DM" style="-webkit-line-clamp:3;padding-bottom:0em;margin-bottom:-0em"><span data-automation-id="product-title" class="normal dark-gray mb0 mt1 lh-title f6 f5-l">Fresh Cut and Harvested Produce Asparagus, Bunch</span></span></span><div class="flex items-center mt2"><span class="black inline-flex mr1" data-testid="product-ratings" data-value="1.7"><i class="ld ld-StarFill" style="font-size:12px;vertical-align:-0.175em;width:12px;height:12px;box-sizing:content-box" aria-hidden="true"></i><i class="ld ld-StarHalf" style="font-size:12px;vertical-align:-0.175em;width:12px;height:12px;box-sizing:content-box" aria-hidden="true"></i><i class="ld ld-Star" style="font-size:12px;vertical-align:-0.175em;width:12px;height:12px;box-sizing:content-box" aria-hidden="true"></i><i class="ld ld-Star" style="font-size:12px;vertical-align:-0.175em;width:12px;height:12px;box-sizing:content-box" aria-hidden="true"></i><i class="ld ld-Star" style="font-size:12px;vertical-align:-0.175em;width:12px;height:12px;box-sizing:content-box" aria-hidden="true"></i></span><span class="sans-serif gray f7" aria-hidden="true" data-testid="product-reviews" data-value="1345">1345</span><span class="w_iUH7">1.7 out of 5 Stars. 1345 reviews</span></div><div></div><div class="mb2 mt2"><span class="w_iUH7">Available for Pickup or Delivery</span><span class="w_VbBP w_mFV6 w_I_19 w_3oNC w_AAn7 mr1 mt1 ph1" aria-hidden="true">Pickup</span><span class="w_VbBP w_mFV6 w_I_19 w_3oNC w_AAn7 mr1 mt1 ph1" aria-hidden="true">Delivery</span></div></div></li><li class="flex flex-column items-center pa1 pr2 pb2" data-slide="6"><div role="group" data-item-id="13399616" class="sans-serif mid-gray relative flex flex-column w-100 h-100 hide-child-opacity" data-testid="product-tile-6" aria-label="Product"><a link-identifier="13399616" class="absolute w-100 h-100 z-1 hide-sibling-opacity" target="" href="/ip/Marketside-Fresh-Vegetable-Medley-Blend-12-oz/13399616?athcpid=13399616&amp;athpgid=AthenaContentPage_7998220&amp;athcgid=null&amp;athznid=ItemCarousel_b47226a9-b24c-4208-a426-adfc451b3b39_items&amp;athieid=v0&amp;athstid=CS020&amp;athguid=NZweV7bKCjeEaERyHDHGZw0t96BAY2qGoaBn&amp;athancid=null&amp;athena=true&amp;athbdg=L1600"><span class="w_iUH7"><h3>Marketside Fresh Vegetable Medley Blend, 12 oz</h3></span></a><div class="h2 relative mv2"><span class="w_VbBP w_mFV6 w_awtt w_3oNC w_3H8O tag-leading-badge absolute">Best seller</span></div><div class="relative"><div class="relative overflow-hidden" style="max-width:226px;height:0;padding-bottom:min(226px, 100%);align-self:center;width:min(226px, 100%)"><img loading="lazy" srcset="https://i5.walmartimages.com/asr/e1b24447-13d1-400f-8c08-d028387af462.7bf1e62b403af40061a416cf56c9af22.jpeg?odnHeight=226&amp;odnWidth=226&amp;odnBg=FFFFFF 1x, https://i5.walmartimages.com/asr/e1b24447-13d1-400f-8c08-d028387af462.7bf1e62b403af40061a416cf56c9af22.jpeg?odnHeight=576&amp;odnWidth=576&amp;odnBg=FFFFFF 2x" src="https://i5.walmartimages.com/asr/e1b24447-13d1-400f-8c08-d028387af462.7bf1e62b403af40061a416cf56c9af22.jpeg?odnHeight=576&amp;odnWidth=576&amp;odnBg=FFFFFF" width="" height="" class="absolute top-0 left-0" data-testid="productTileImage" alt="Marketside Fresh Vegetable Medley Blend, 12 oz"/></div><div class="z-2 absolute bottom--1"><div class="relative dib" data-id="13399616"><button class="w_hhLG w_8nsR w_jDfj pointer bn sans-serif b ph2 flex items-center justify-center w-auto shadow-1" type="button" data-pcss-hide="true" data-automation-id="add-to-cart" aria-label="Add to cart - Marketside Fresh Vegetable Medley Blend, 12 oz"><i class="ld ld-Plus" style="font-size:1.5rem;vertical-align:-0.25em;width:1.5rem;height:1.5rem;box-sizing:content-box" title="add to cart"></i><span class="mr2">Add</span></button></div></div></div><div class="mt5 mb0" style="height:24px" data-testid="variant-13399616"></div><div data-automation-id="product-price" class="flex flex-wrap justify-start items-center lh-title mb1-m"><div class="mr1 mr2-xl b black green lh-copy f5 f4-l" aria-hidden="true">Now $2.57</div><span class="w_iUH7">current price Now $2.57</span><div class="gray mr1 strike f7 f6-l" aria-hidden="true">$2.88</div><span class="w_iUH7">Was $2.88</span><div class="gray mr1 f7 f6-l">21.4 ¢/oz</div></div><span class=""><span class="w_V_DM" style="-webkit-line-clamp:3;padding-bottom:0em;margin-bottom:-0em"><span data-automation-id="product-title" class="normal dark-gray mb0 mt1 lh-title f6 f5-l">Marketside Fresh Vegetable Medley Blend, 12 oz</span></span></span><div class="flex items-center mt2"><span class="black inline-flex mr1" data-testid="product-ratings" data-value="1.5"><i class="ld ld-StarFill" style="font-size:12px;vertical-align:-0.175em;width:12px;height:12px;box-sizing:content-box" aria-hidden="true"></i><i class="ld ld-StarHalf" style="font-size:12px;vertical-align:-0.175em;width:12px;height:12px;box-sizing:content-box" aria-hidden="true"></i><i class="ld ld-Star" style="font-size:12px;vertical-align:-0.175em;width:12px;height:12px;box-sizing:content-box" aria-hidden="true"></i><i class="ld ld-Star" style="font-size:12px;vertical-align:-0.175em;width:12px;height:12px;box-sizing:content-box" aria-hidden="true"></i><i class="ld ld-Star" style="font-size:12px;vertical-align:-0.175em;width:12px;height:12px;box-sizing:content-box" aria-hidden="true"></i></span><span class="sans-serif gray f7" aria-hidden="true" data-testid="product-reviews" data-value="160">160</span><span class="w_iUH7">1.5 out of 5 Stars. 160 reviews</span></div><div></div><div class="mb2 mt2"><span class="w_iUH7">Available for Pickup or Delivery</span><span class="w_VbBP w_mFV6 w_I_19 w_3oNC w_AAn7 mr1 mt1 ph1" aria-hidden="true">Pickup</span><span class="w_VbBP w_mFV6 w_I_19 w_3oNC w_AAn7 mr1 mt1 ph1" aria-hidden="true">Delivery</span></div></div></li><li class="flex flex-column items-center pa1 pr2 pb2" data-slide="7"><div role="group" data-item-id="350018260" class="sans-serif mid-gray relative flex flex-column w-100 h-100 hide-child-opacity" data-testid="product-tile-7" aria-label="Product"><a link-identifier="350018260" class="absolute w-100 h-100 z-1 hide-sibling-opacity" target="" href="/ip/Marketside-Fresh-Halved-Brussels-Sprouts-12-oz/350018260?athcpid=350018260&amp;athpgid=AthenaContentPage_7998220&amp;athcgid=null&amp;athznid=ItemCarousel_b47226a9-b24c-4208-a426-adfc451b3b39_items&amp;athieid=v0&amp;athstid=CS020&amp;athguid=NZweV7bKCjeEaERyHDHGZw0t96BAY2qGoaBn&amp;athancid=null&amp;athena=true"><span class="w_iUH7"><h3>Marketside Fresh Halved Brussels Sprouts, 12 oz</h3></span></a><div class="h2 relative mv2"></div><div class="relative"><div class="relative overflow-hidden" style="max-width:226px;height:0;padding-bottom:min(226px, 100%);align-self:center;width:min(226px, 100%)"><img loading="lazy" srcset="https://i5.walmartimages.com/asr/397fe05c-e020-4294-bcad-29f9c82b6c5f.6384d688bbaf2ee63db5fd4981416dd4.jpeg?odnHeight=226&amp;odnWidth=226&amp;odnBg=FFFFFF 1x, https://i5.walmartimages.com/asr/397fe05c-e020-4294-bcad-29f9c82b6c5f.6384d688bbaf2ee63db5fd4981416dd4.jpeg?odnHeight=576&amp;odnWidth=576&amp;odnBg=FFFFFF 2x" src="https://i5.walmartimages.com/asr/397fe05c-e020-4294-bcad-29f9c82b6c5f.6384d688bbaf2ee63db5fd4981416dd4.jpeg?odnHeight=576&amp;odnWidth=576&amp;odnBg=FFFFFF" width="" height="" class="absolute top-0 left-0" data-testid="productTileImage" alt="Marketside Fresh Halved Brussels Sprouts, 12 oz"/></div><div class="z-2 absolute bottom--1"><div class="relative dib" data-id="350018260"><button class="w_hhLG w_8nsR w_jDfj pointer bn sans-serif b ph2 flex items-center justify-center w-auto shadow-1" type="button" data-pcss-hide="true" data-automation-id="add-to-cart" aria-label="Add to cart - Marketside Fresh Halved Brussels Sprouts, 12 oz"><i class="ld ld-Plus" style="font-size:1.5rem;vertical-align:-0.25em;width:1.5rem;height:1.5rem;box-sizing:content-box" title="add to cart"></i><span class="mr2">Add</span></button></div></div></div><div class="mt5 mb0" style="height:24px" data-testid="variant-350018260"></div><div data-automation-id="product-price" class="flex flex-wrap justify-start items-center lh-title mb1-m"><div class="mr1 mr2-xl b black lh-copy f5 f4-l" aria-hidden="true">$3.28</div><span class="w_iUH7">current price $3.28</span><div class="gray mr1 f7 f6-l">27.3 ¢/oz</div></div><span class=""><span class="w_V_DM" style="-webkit-line-clamp:3;padding-bottom:0em;margin-bottom:-0em"><span data-automation-id="product-title" class="normal dark-gray mb0 mt1 lh-title f6 f5-l">Marketside Fresh Halved Brussels Sprouts, 12 oz</span></span></span><div class="flex items-center mt2"><span class="black inline-flex mr1" data-testid="product-ratings" data-value="1.6"><i class="ld ld-StarFill" style="font-size:12px;vertical-align:-0.175em;width:12px;height:12px;box-sizing:content-box" aria-hidden="true"></i><i class="ld ld-StarHalf" style="font-size:12px;vertical-align:-0.175em;width:12px;height:12px;box-sizing:content-box" aria-hidden="true"></i><i class="ld ld-Star" style="font-size:12px;vertical-align:-0.175em;width:12px;height:12px;box-sizing:content-box" aria-hidden="true"></i><i class="ld ld-Star" style="font-size:12px;vertical-align:-0.175em;width:12px;height:12px;box-sizing:content-box" aria-hidden="true"></i><i class="ld ld-Star" style="font-size:12px;vertical-align:-0.175em;width:12px;height:12px;box-sizing:content-box" aria-hidden="true"></i></span><span class="sans-serif gray f7" aria-hidden="true" data-testid="product-reviews" data-value="187">187</span><span class="w_iUH7">1.6 out of 5 Stars. 187 reviews</span></div><div></div><div class="mb2 mt2"><span class="w_iUH7">Available for Pickup or Delivery</span><span class="w_VbBP w_mFV6 w_I_19 w_3oNC w_AAn7 mr1 mt1 ph1" aria-hidden="true">Pickup</span><span class="w_VbBP w_mFV6 w_I_19 w_3oNC w_AAn7 mr1 mt1 ph1" aria-hidden="true">Delivery</span></div></div></li><li class="flex flex-column items-center pa1 pr2 pb2" data-slide="8"><div role="group" data-item-id="10447837" class="sans-serif mid-gray relative flex flex-column w-100 h-100 hide-child-opacity" data-testid="product-tile-8" aria-label="Product"><a link-identifier="10447837" class="absolute w-100 h-100 z-1 hide-sibling-opacity" target="" href="/ip/Russet-Potatoes-Whole-Fresh-5-lb-Bag/10447837?athcpid=10447837&amp;athpgid=AthenaContentPage_7998220&amp;athcgid=null&amp;athznid=ItemCarousel_b47226a9-b24c-4208-a426-adfc451b3b39_items&amp;athieid=v0&amp;athstid=CS020&amp;athguid=NZweV7bKCjeEaERyHDHGZw0t96BAY2qGoaBn&amp;athancid=null&amp;athena=true&amp;athbdg=L1600"><span class="w_iUH7"><h3>Russet Potatoes Whole Fresh, 5 lb Bag</h3></span></a><div class="h2 relative mv2"><span class="w_VbBP w_mFV6 w_awtt w_3oNC w_3H8O tag-leading-badge absolute">Best seller</span></div><div class="relative"><div class="relative overflow-hidden" style="max-width:226px;height:0;padding-bottom:min(226px, 100%);align-self:center;width:min(226px, 100%)"><img loading="lazy" srcset="https://i5.walmartimages.com/asr/39e383c7-abe5-42fa-9078-5d6d0bb5c0d4.8fc19a526bf85bd640d369c4c85a2bf2.jpeg?odnHeight=226&amp;odnWidth=226&amp;odnBg=FFFFFF 1x, https://i5.walmartimages.com/asr/39e383c7-abe5-42fa-9078-5d6d0bb5c0d4.8fc19a526bf85bd640d369c4c85a2bf2.jpeg?odnHeight=576&amp;odnWidth=576&amp;odnBg=FFFFFF 2x" src="https://i5.walmartimages.com/asr/39e383c7-abe5-42fa-9078-5d6d0bb5c0d4.8fc19a526bf85bd640d369c4c85a2bf2.jpeg?odnHeight=576&amp;odnWidth=576&amp;odnBg=FFFFFF" width="" height="" class="absolute top-0 left-0" data-testid="productTileImage" alt="Russet Potatoes Whole Fresh, 5 lb Bag"/></div><div class="z-2 absolute bottom--1"><div class="relative dib" data-id="10447837"><button class="w_hhLG w_8nsR w_jDfj pointer bn sans-serif b ph2 flex items-center justify-center w-auto shadow-1" type="button" data-pcss-hide="true" data-automation-id="add-to-cart" aria-label="Add to cart - Russet Potatoes Whole Fresh, 5 lb Bag"><i class="ld ld-Plus" style="font-size:1.5rem;vertical-align:-0.25em;width:1.5rem;height:1.5rem;box-sizing:content-box" title="add to cart"></i><span class="mr2">Add</span></button></div></div></div><div class="mt5 mb0" style="height:24px" data-testid="variant-10447837"></div><div data-automation-id="product-price" class="flex flex-wrap justify-start items-center lh-title mb1-m"><div class="mr1 mr2-xl b black green lh-copy f5 f4-l" aria-hidden="true">Now $2.68</div><span class="w_iUH7">current price Now $2.68</span><div class="gray mr1 strike f7 f6-l" aria-hidden="true">$3.87</div><span class="w_iUH7">Was $3.87</span><div class="gray mr1 f7 f6-l">53.6 ¢/lb</div></div><span class=""><span class="w_V_DM" style="-webkit-line-clamp:3;padding-bottom:0em;margin-bottom:-0em"><span data-automation-id="product-title" class="normal dark-gray mb0 mt1 lh-title f6 f5-l">Russet Potatoes Whole Fresh, 5 lb Bag</span></span></span><div class="flex items-center mt2"><span class="black inline-flex mr1" data-testid="product-ratings" data-value="2.2"><i class="ld ld-StarFill" style="font-size:12px;vertical-align:-0.175em;width:12px;height:12px;box-sizing:content-box" aria-hidden="true"></i><i class="ld ld-StarFill" style="font-size:12px;vertical-align:-0.175em;width:12px;height:12px;box-sizing:content-box" aria-hidden="true"></i><i class="ld ld-Star" style="font-size:12px;vertical-align:-0.175em;width:12px;height:12px;box-sizing:content-box" aria-hidden="true"></i><i class="ld ld-Star" style="font-size:12px;vertical-align:-0.175em;width:12px;height:12px;box-sizing:content-box" aria-hidden="true"></i><i class="ld ld-Star" style="font-size:12px;vertical-align:-0.175em;width:12px;height:12px;box-sizing:content-box" aria-hidden="true"></i></span><span class="sans-serif gray f7" aria-hidden="true" data-testid="product-reviews" data-value="2264">2264</span><span class="w_iUH7">2.2 out of 5 Stars. 2264 reviews</span></div><div></div><div class="mb2 mt2"><span class="w_iUH7">Available for Pickup or Delivery</span><span class="w_VbBP w_mFV6 w_I_19 w_3oNC w_AAn7 mr1 mt1 ph1" aria-hidden="true">Pickup</span><span class="w_VbBP w_mFV6 w_I_19 w_3oNC w_AAn7 mr1 mt1 ph1" aria-hidden="true">Delivery</span></div></div></li><li class="flex flex-column items-center pa1 pr2 pb2" data-slide="9"><div role="group" data-item-id="44391317" class="sans-serif mid-gray relative flex flex-column w-100 h-100 hide-child-opacity" data-testid="product-tile-9" aria-label="Product"><a link-identifier="44391317" class="absolute w-100 h-100 z-1 hide-sibling-opacity" target="" href="/ip/Fresh-Collard-Greens-Bunch-Each/44391317?athcpid=44391317&amp;athpgid=AthenaContentPage_7998220&amp;athcgid=null&amp;athznid=ItemCarousel_b47226a9-b24c-4208-a426-adfc451b3b39_items&amp;athieid=v0&amp;athstid=CS020&amp;athguid=NZweV7bKCjeEaERyHDHGZw0t96BAY2qGoaBn&amp;athancid=null&amp;athena=true&amp;athbdg=L1300"><span class="w_iUH7"><h3>Fresh Collard Greens Bunch, Each</h3></span></a><div class="h2 relative mv2"><span class="w_VbBP w_WKt3 w_awtt tag-leading-badge absolute" style="color:#9b1419;box-shadow:inset 0 0 0 1px #9b1419">Rollback</span></div><div class="relative"><div class="relative overflow-hidden" style="max-width:226px;height:0;padding-bottom:min(226px, 100%);align-self:center;width:min(226px, 100%)"><img loading="lazy" srcset="https://i5.walmartimages.com/asr/9fd904ba-cd80-4c29-93d0-94116a778937.48e8b2ad7de0848ca2a89b30edb9ff51.jpeg?odnHeight=226&amp;odnWidth=226&amp;odnBg=FFFFFF 1x, https://i5.walmartimages.com/asr/9fd904ba-cd80-4c29-93d0-94116a778937.48e8b2ad7de0848ca2a89b30edb9ff51.jpeg?odnHeight=576&amp;odnWidth=576&amp;odnBg=FFFFFF 2x" src="https://i5.walmartimages.com/asr/9fd904ba-cd80-4c29-93d0-94116a778937.48e8b2ad7de0848ca2a89b30edb9ff51.jpeg?odnHeight=576&amp;odnWidth=576&amp;odnBg=FFFFFF" width="" height="" class="absolute top-0 left-0" data-testid="productTileImage" alt="Fresh Collard Greens Bunch, Each"/></div><div class="z-2 absolute bottom--1"><div class="relative dib" data-id="44391317"><button class="w_hhLG w_8nsR w_jDfj pointer bn sans-serif b ph2 flex items-center justify-center w-auto shadow-1" type="button" data-pcss-hide="true" data-automation-id="add-to-cart" aria-label="Add to cart - Fresh Collard Greens Bunch, Each"><i class="ld ld-Plus" style="font-size:1.5rem;vertical-align:-0.25em;width:1.5rem;height:1.5rem;box-sizing:content-box" title="add to cart"></i><span class="mr2">Add</span></button></div></div></div><div class="mt5 mb0" style="height:24px" data-testid="variant-44391317"></div><div data-automation-id="product-price" class="flex flex-wrap justify-start items-center lh-title mb1-m"><div class="mr1 mr2-xl b black green lh-copy f5 f4-l" aria-hidden="true">Now $0.98</div><span class="w_iUH7">current price Now $0.98</span><div class="gray mr1 strike f7 f6-l" aria-hidden="true">$1.24</div><span class="w_iUH7">Was $1.24</span></div><span class=""><span class="w_V_DM" style="-webkit-line-clamp:3;padding-bottom:0em;margin-bottom:-0em"><span data-automation-id="product-title" class="normal dark-gray mb0 mt1 lh-title f6 f5-l">Fresh Collard Greens Bunch, Each</span></span></span><div class="flex items-center mt2"><span class="black inline-flex mr1" data-testid="product-ratings" data-value="1.8"><i class="ld ld-StarFill" style="font-size:12px;vertical-align:-0.175em;width:12px;height:12px;box-sizing:content-box" aria-hidden="true"></i><i class="ld ld-StarFill" style="font-size:12px;vertical-align:-0.175em;width:12px;height:12px;box-sizing:content-box" aria-hidden="true"></i><i class="ld ld-Star" style="font-size:12px;vertical-align:-0.175em;width:12px;height:12px;box-sizing:content-box" aria-hidden="true"></i><i class="ld ld-Star" style="font-size:12px;vertical-align:-0.175em;width:12px;height:12px;box-sizing:content-box" aria-hidden="true"></i><i class="ld ld-Star" style="font-size:12px;vertical-align:-0.175em;width:12px;height:12px;box-sizing:content-box" aria-hidden="true"></i></span><span class="sans-serif gray f7" aria-hidden="true" data-testid="product-reviews" data-value="444">444</span><span class="w_iUH7">1.8 out of 5 Stars. 444 reviews</span></div><div></div><div class="mb2 mt2"><span class="w_iUH7">Available for Pickup or Delivery</span><span class="w_VbBP w_mFV6 w_I_19 w_3oNC w_AAn7 mr1 mt1 ph1" aria-hidden="true">Pickup</span><span class="w_VbBP w_mFV6 w_I_19 w_3oNC w_AAn7 mr1 mt1 ph1" aria-hidden="true">Delivery</span></div></div></li><li class="flex flex-column items-center pa1 pr2 pb2" data-slide="10"><div role="group" data-item-id="51259361" class="sans-serif mid-gray relative flex flex-column w-100 h-100 hide-child-opacity" data-testid="product-tile-10" aria-label="Product"><a link-identifier="51259361" class="absolute w-100 h-100 z-1 hide-sibling-opacity" target="" href="/ip/Fresh-Green-Onions-Bunch-Each/51259361?athcpid=51259361&amp;athpgid=AthenaContentPage_7998220&amp;athcgid=null&amp;athznid=ItemCarousel_b47226a9-b24c-4208-a426-adfc451b3b39_items&amp;athieid=v0&amp;athstid=CS020&amp;athguid=NZweV7bKCjeEaERyHDHGZw0t96BAY2qGoaBn&amp;athancid=null&amp;athena=true&amp;athbdg=L1600"><span class="w_iUH7"><h3>Fresh Green Onions Bunch, Each</h3></span></a><div class="h2 relative mv2"><span class="w_VbBP w_mFV6 w_awtt w_3oNC w_3H8O tag-leading-badge absolute">Best seller</span></div><div class="relative"><div class="relative overflow-hidden" style="max-width:226px;height:0;padding-bottom:min(226px, 100%);align-self:center;width:min(226px, 100%)"><img loading="lazy" srcset="https://i5.walmartimages.com/asr/e3e6b87a-735c-4e00-b35b-c566d3f56ff3.e7440b87be49eb20ac956d0a2690822e.jpeg?odnHeight=226&amp;odnWidth=226&amp;odnBg=FFFFFF 1x, https://i5.walmartimages.com/asr/e3e6b87a-735c-4e00-b35b-c566d3f56ff3.e7440b87be49eb20ac956d0a2690822e.jpeg?odnHeight=576&amp;odnWidth=576&amp;odnBg=FFFFFF 2x" src="https://i5.walmartimages.com/asr/e3e6b87a-735c-4e00-b35b-c566d3f56ff3.e7440b87be49eb20ac956d0a2690822e.jpeg?odnHeight=576&amp;odnWidth=576&amp;odnBg=FFFFFF" width="" height="" class="absolute top-0 left-0" data-testid="productTileImage" alt="Fresh Green Onions Bunch, Each"/></div><div class="z-2 absolute bottom--1"><div class="relative dib" data-id="51259361"><button class="w_hhLG w_8nsR w_jDfj pointer bn sans-serif b ph2 flex items-center justify-center w-auto shadow-1" type="button" data-pcss-hide="true" data-automation-id="add-to-cart" aria-label="Add to cart - Fresh Green Onions Bunch, Each"><i class="ld ld-Plus" style="font-size:1.5rem;vertical-align:-0.25em;width:1.5rem;height:1.5rem;box-sizing:content-box" title="add to cart"></i><span class="mr2">Add</span></button></div></div></div><div class="mt5 mb0" style="height:24px" data-testid="variant-51259361"></div><div data-automation-id="product-price" class="flex flex-wrap justify-start items-center lh-title mb1-m"><div class="mr1 mr2-xl b black lh-copy f5 f4-l" aria-hidden="true">$0.88</div><span class="w_iUH7">current price $0.88</span></div><span class=""><span class="w_V_DM" style="-webkit-line-clamp:3;padding-bottom:0em;margin-bottom:-0em"><span data-automation-id="product-title" class="normal dark-gray mb0 mt1 lh-title f6 f5-l">Fresh Green Onions Bunch, Each</span></span></span><div class="flex items-center mt2"><span class="black inline-flex mr1" data-testid="product-ratings" data-value="1.8"><i class="ld ld-StarFill" style="font-size:12px;vertical-align:-0.175em;width:12px;height:12px;box-sizing:content-box" aria-hidden="true"></i><i class="ld ld-StarFill" style="font-size:12px;vertical-align:-0.175em;width:12px;height:12px;box-sizing:content-box" aria-hidden="true"></i><i class="ld ld-Star" style="font-size:12px;vertical-align:-0.175em;width:12px;height:12px;box-sizing:content-box" aria-hidden="true"></i><i class="ld ld-Star" style="font-size:12px;vertical-align:-0.175em;width:12px;height:12px;box-sizing:content-box" aria-hidden="true"></i><i class="ld ld-Star" style="font-size:12px;vertical-align:-0.175em;width:12px;height:12px;box-sizing:content-box" aria-hidden="true"></i></span><span class="sans-serif gray f7" aria-hidden="true" data-testid="product-reviews" data-value="1797">1797</span><span class="w_iUH7">1.8 out of 5 Stars. 1797 reviews</span></div><div></div><div class="mb2 mt2"><span class="w_iUH7">Available for Pickup or Delivery</span><span class="w_VbBP w_mFV6 w_I_19 w_3oNC w_AAn7 mr1 mt1 ph1" aria-hidden="true">Pickup</span><span class="w_VbBP w_mFV6 w_I_19 w_3oNC w_AAn7 mr1 mt1 ph1" aria-hidden="true">Delivery</span></div></div></li><li class="flex flex-column items-center pa1 pr2 pb2" data-slide="11"><div role="group" data-item-id="51259411" class="sans-serif mid-gray relative flex flex-column w-100 h-100 hide-child-opacity" data-testid="product-tile-11" aria-label="Product"><a link-identifier="51259411" class="absolute w-100 h-100 z-1 hide-sibling-opacity" target="" href="/ip/Fresh-Celery-Stalk-Each/51259411?athcpid=51259411&amp;athpgid=AthenaContentPage_7998220&amp;athcgid=null&amp;athznid=ItemCarousel_b47226a9-b24c-4208-a426-adfc451b3b39_items&amp;athieid=v0&amp;athstid=CS020&amp;athguid=NZweV7bKCjeEaERyHDHGZw0t96BAY2qGoaBn&amp;athancid=null&amp;athena=true&amp;athbdg=L1600"><span class="w_iUH7"><h3>Fresh Celery Stalk, Each</h3></span></a><div class="h2 relative mv2"><span class="w_VbBP w_mFV6 w_awtt w_3oNC w_3H8O tag-leading-badge absolute">Best seller</span></div><div class="relative"><div class="relative overflow-hidden" style="max-width:226px;height:0;padding-bottom:min(226px, 100%);align-self:center;width:min(226px, 100%)"><img loading="lazy" srcset="https://i5.walmartimages.com/asr/b9f848d3-13f1-43d3-99db-33e17abb9c1c_1.987f0112fa028282b940a6502fc0db18.jpeg?odnHeight=226&amp;odnWidth=226&amp;odnBg=FFFFFF 1x, https://i5.walmartimages.com/asr/b9f848d3-13f1-43d3-99db-33e17abb9c1c_1.987f0112fa028282b940a6502fc0db18.jpeg?odnHeight=576&amp;odnWidth=576&amp;odnBg=FFFFFF 2x" src="https://i5.walmartimages.com/asr/b9f848d3-13f1-43d3-99db-33e17abb9c1c_1.987f0112fa028282b940a6502fc0db18.jpeg?odnHeight=576&amp;odnWidth=576&amp;odnBg=FFFFFF" width="" height="" class="absolute top-0 left-0" data-testid="productTileImage" alt="Fresh Celery Stalk, Each"/></div><div class="z-2 absolute bottom--1"><div class="relative dib" data-id="51259411"><button class="w_hhLG w_8nsR w_jDfj pointer bn sans-serif b ph2 flex items-center justify-center w-auto shadow-1" type="button" data-pcss-hide="true" data-automation-id="add-to-cart" aria-label="Add to cart - Fresh Celery Stalk, Each"><i class="ld ld-Plus" style="font-size:1.5rem;vertical-align:-0.25em;width:1.5rem;height:1.5rem;box-sizing:content-box" title="add to cart"></i><span class="mr2">Add</span></button></div></div></div><div class="mt5 mb0" style="height:24px" data-testid="variant-51259411"></div><div data-automation-id="product-price" class="flex flex-wrap justify-start items-center lh-title mb1-m"><div class="mr1 mr2-xl b black green lh-copy f5 f4-l" aria-hidden="true">Now $0.98</div><span class="w_iUH7">current price Now $0.98</span><div class="gray mr1 strike f7 f6-l" aria-hidden="true">$2.08</div><span class="w_iUH7">Was $2.08</span></div><span class=""><span class="w_V_DM" style="-webkit-line-clamp:3;padding-bottom:0em;margin-bottom:-0em"><span data-automation-id="product-title" class="normal dark-gray mb0 mt1 lh-title f6 f5-l">Fresh Celery Stalk, Each</span></span></span><div class="flex items-center mt2"><span class="black inline-flex mr1" data-testid="product-ratings" data-value="1.8"><i class="ld ld-StarFill" style="font-size:12px;vertical-align:-0.175em;width:12px;height:12px;box-sizing:content-box" aria-hidden="true"></i><i class="ld ld-StarFill" style="font-size:12px;vertical-align:-0.175em;width:12px;height:12px;box-sizing:content-box" aria-hidden="true"></i><i class="ld ld-Star" style="font-size:12px;vertical-align:-0.175em;width:12px;height:12px;box-sizing:content-box" aria-hidden="true"></i><i class="ld ld-Star" style="font-size:12px;vertical-align:-0.175em;width:12px;height:12px;box-sizing:content-box" aria-hidden="true"></i><i class="ld ld-Star" style="font-size:12px;vertical-align:-0.175em;width:12px;height:12px;box-sizing:content-box" aria-hidden="true"></i></span><span class="sans-serif gray f7" aria-hidden="true" data-testid="product-reviews" data-value="2247">2247</span><span class="w_iUH7">1.8 out of 5 Stars. 2247 reviews</span></div><div></div><div class="mb2 mt2"><span class="w_iUH7">Available for Pickup or Delivery</span><span class="w_VbBP w_mFV6 w_I_19 w_3oNC w_AAn7 mr1 mt1 ph1" aria-hidden="true">Pickup</span><span class="w_VbBP w_mFV6 w_I_19 w_3oNC w_AAn7 mr1 mt1 ph1" aria-hidden="true">Delivery</span></div></div></li><li class="flex flex-column items-center pa1 pr2 pb2" data-slide="12"><div role="group" data-item-id="44391315" class="sans-serif mid-gray relative flex flex-column w-100 h-100 hide-child-opacity" data-testid="product-tile-12" aria-label="Product"><a link-identifier="44391315" class="absolute w-100 h-100 z-1 hide-sibling-opacity" target="" href="/ip/Fresh-Pomegranate-Each/44391315?athcpid=44391315&amp;athpgid=AthenaContentPage_7998220&amp;athcgid=null&amp;athznid=ItemCarousel_b47226a9-b24c-4208-a426-adfc451b3b39_items&amp;athieid=v0&amp;athstid=CS020&amp;athguid=NZweV7bKCjeEaERyHDHGZw0t96BAY2qGoaBn&amp;athancid=null&amp;athena=true&amp;athbdg=L1600"><span class="w_iUH7"><h3>Fresh Pomegranate, Each</h3></span></a><div class="h2 relative mv2"><span class="w_VbBP w_mFV6 w_awtt w_3oNC w_3H8O tag-leading-badge absolute">Best seller</span></div><div class="relative"><div class="relative overflow-hidden" style="max-width:226px;height:0;padding-bottom:min(226px, 100%);align-self:center;width:min(226px, 100%)"><img loading="lazy" srcset="https://i5.walmartimages.com/asr/c8bb0100-dfb6-47b6-ad72-1b3c4d27c853.ffd069e6a7379f244c201de3c1a2a3d5.jpeg?odnHeight=226&amp;odnWidth=226&amp;odnBg=FFFFFF 1x, https://i5.walmartimages.com/asr/c8bb0100-dfb6-47b6-ad72-1b3c4d27c853.ffd069e6a7379f244c201de3c1a2a3d5.jpeg?odnHeight=576&amp;odnWidth=576&amp;odnBg=FFFFFF 2x" src="https://i5.walmartimages.com/asr/c8bb0100-dfb6-47b6-ad72-1b3c4d27c853.ffd069e6a7379f244c201de3c1a2a3d5.jpeg?odnHeight=576&amp;odnWidth=576&amp;odnBg=FFFFFF" width="" height="" class="absolute top-0 left-0" data-testid="productTileImage" alt="Fresh Pomegranate, Each"/></div><div class="z-2 absolute bottom--1"><div class="relative dib" data-id="44391315"><button class="w_hhLG w_8nsR w_jDfj pointer bn sans-serif b ph2 flex items-center justify-center w-auto shadow-1" type="button" data-pcss-hide="true" data-automation-id="add-to-cart" aria-label="Add to cart - Fresh Pomegranate, Each"><i class="ld ld-Plus" style="font-size:1.5rem;vertical-align:-0.25em;width:1.5rem;height:1.5rem;box-sizing:content-box" title="add to cart"></i><span class="mr2">Add</span></button></div></div></div><div class="mt5 mb0" style="height:24px" data-testid="variant-44391315"></div><div data-automation-id="product-price" class="flex flex-wrap justify-start items-center lh-title mb1-m"><div class="mr1 mr2-xl b black lh-copy f5 f4-l" aria-hidden="true">$1.98</div><span class="w_iUH7">current price $1.98</span></div><span class=""><span class="w_V_DM" style="-webkit-line-clamp:3;padding-bottom:0em;margin-bottom:-0em"><span data-automation-id="product-title" class="normal dark-gray mb0 mt1 lh-title f6 f5-l">Fresh Pomegranate, Each</span></span></span><div class="flex items-center mt2"><span class="black inline-flex mr1" data-testid="product-ratings" data-value="1.9"><i class="ld ld-StarFill" style="font-size:12px;vertical-align:-0.175em;width:12px;height:12px;box-sizing:content-box" aria-hidden="true"></i><i class="ld ld-StarFill" style="font-size:12px;vertical-align:-0.175em;width:12px;height:12px;box-sizing:content-box" aria-hidden="true"></i><i class="ld ld-Star" style="font-size:12px;vertical-align:-0.175em;width:12px;height:12px;box-sizing:content-box" aria-hidden="true"></i><i class="ld ld-Star" style="font-size:12px;vertical-align:-0.175em;width:12px;height:12px;box-sizing:content-box" aria-hidden="true"></i><i class="ld ld-Star" style="font-size:12px;vertical-align:-0.175em;width:12px;height:12px;box-sizing:content-box" aria-hidden="true"></i></span><span class="sans-serif gray f7" aria-hidden="true" data-testid="product-reviews" data-value="239">239</span><span class="w_iUH7">1.9 out of 5 Stars. 239 reviews</span></div><div></div><div class="mb2 mt2"><span class="w_iUH7">Available for Pickup or Delivery</span><span class="w_VbBP w_mFV6 w_I_19 w_3oNC w_AAn7 mr1 mt1 ph1" aria-hidden="true">Pickup</span><span class="w_VbBP w_mFV6 w_I_19 w_3oNC w_AAn7 mr1 mt1 ph1" aria-hidden="true">Delivery</span></div></div></li><li class="flex flex-column items-center pa1 pr2 pb2" data-slide="13"><div role="group" data-item-id="132720824" class="sans-serif mid-gray relative flex flex-column w-100 h-100 hide-child-opacity" data-testid="product-tile-13" aria-label="Product"><a link-identifier="132720824" class="absolute w-100 h-100 z-1 hide-sibling-opacity" target="" href="/ip/Sweet-Potatoes-Whole-Fresh-3-lb-Bag/132720824?athcpid=132720824&amp;athpgid=AthenaContentPage_7998220&amp;athcgid=null&amp;athznid=ItemCarousel_b47226a9-b24c-4208-a426-adfc451b3b39_items&amp;athieid=v0&amp;athstid=CS020&amp;athguid=NZweV7bKCjeEaERyHDHGZw0t96BAY2qGoaBn&amp;athancid=null&amp;athena=true"><span class="w_iUH7"><h3>Sweet Potatoes Whole Fresh, 3 lb Bag</h3></span></a><div class="h2 relative mv2"></div><div class="relative"><div class="relative overflow-hidden" style="max-width:226px;height:0;padding-bottom:min(226px, 100%);align-self:center;width:min(226px, 100%)"><img loading="lazy" srcset="https://i5.walmartimages.com/asr/0218f5c6-0364-4d86-b0d0-28887458f17e.da73ef9eb619a403b92227d9a31a8e8a.jpeg?odnHeight=226&amp;odnWidth=226&amp;odnBg=FFFFFF 1x, https://i5.walmartimages.com/asr/0218f5c6-0364-4d86-b0d0-28887458f17e.da73ef9eb619a403b92227d9a31a8e8a.jpeg?odnHeight=576&amp;odnWidth=576&amp;odnBg=FFFFFF 2x" src="https://i5.walmartimages.com/asr/0218f5c6-0364-4d86-b0d0-28887458f17e.da73ef9eb619a403b92227d9a31a8e8a.jpeg?odnHeight=576&amp;odnWidth=576&amp;odnBg=FFFFFF" width="" height="" class="absolute top-0 left-0" data-testid="productTileImage" alt="Sweet Potatoes Whole Fresh, 3 lb Bag"/></div><div class="z-2 absolute bottom--1"><div class="relative dib" data-id="132720824"><button class="w_hhLG w_8nsR w_jDfj pointer bn sans-serif b ph2 flex items-center justify-center w-auto shadow-1" type="button" data-pcss-hide="true" data-automation-id="add-to-cart" aria-label="Add to cart - Sweet Potatoes Whole Fresh, 3 lb Bag"><i class="ld ld-Plus" style="font-size:1.5rem;vertical-align:-0.25em;width:1.5rem;height:1.5rem;box-sizing:content-box" title="add to cart"></i><span class="mr2">Add</span></button></div></div></div><div class="mt5 mb0" style="height:24px" data-testid="variant-132720824"></div><div data-automation-id="product-price" class="flex flex-wrap justify-start items-center lh-title mb1-m"><div class="mr1 mr2-xl b black lh-copy f5 f4-l" aria-hidden="true">$3.98</div><span class="w_iUH7">current price $3.98</span><div class="gray mr1 f7 f6-l">$1.33/lb</div></div><span class=""><span class="w_V_DM" style="-webkit-line-clamp:3;padding-bottom:0em;margin-bottom:-0em"><span data-automation-id="product-title" class="normal dark-gray mb0 mt1 lh-title f6 f5-l">Sweet Potatoes Whole Fresh, 3 lb Bag</span></span></span><div class="flex items-center mt2"><span class="black inline-flex mr1" data-testid="product-ratings" data-value="1.7"><i class="ld ld-StarFill" style="font-size:12px;vertical-align:-0.175em;width:12px;height:12px;box-sizing:content-box" aria-hidden="true"></i><i class="ld ld-StarHalf" style="font-size:12px;vertical-align:-0.175em;width:12px;height:12px;box-sizing:content-box" aria-hidden="true"></i><i class="ld ld-Star" style="font-size:12px;vertical-align:-0.175em;width:12px;height:12px;box-sizing:content-box" aria-hidden="true"></i><i class="ld ld-Star" style="font-size:12px;vertical-align:-0.175em;width:12px;height:12px;box-sizing:content-box" aria-hidden="true"></i><i class="ld ld-Star" style="font-size:12px;vertical-align:-0.175em;width:12px;height:12px;box-sizing:content-box" aria-hidden="true"></i></span><span class="sans-serif gray f7" aria-hidden="true" data-testid="product-reviews" data-value="783">783</span><span class="w_iUH7">1.7 out of 5 Stars. 783 reviews</span></div><div></div><div class="mb2 mt2"><span class="w_iUH7">Available for Pickup or Delivery</span><span class="w_VbBP w_mFV6 w_I_19 w_3oNC w_AAn7 mr1 mt1 ph1" aria-hidden="true">Pickup</span><span class="w_VbBP w_mFV6 w_I_19 w_3oNC w_AAn7 mr1 mt1 ph1" aria-hidden="true">Delivery</span></div></div></li></ul><a link-identifier="horizontalScrollerNext" class="absolute dn z-5 bg-white br-100 pa0 pointer db-l br-100 nav-control right-1" aria-label="Next slide for Product Carousel list" data-testid="horizontal-scroller-next" role="button"><i class="ld ld-ChevronRight" style="font-size:1.5rem;vertical-align:-0.25em;padding:12px;width:1.5rem;height:1.5rem;box-sizing:content-box"></i></a></div></section></section></div> <div class="ma3"><section><div data-testid="skinny-banner"><div class="w-100"><div class="flex flex-column items-center justify-center w-100 br3 overflow-hidden pv4 relative" style="height:150px"><img loading="lazy" aria-hidden="true" alt="Your weekly haul just got better" height="150px" src="https://i5.walmartimages.com/dfw/4ff9c6c9-76b5/k2-_e3aea1e7-02b4-416f-9983-8b63a9d23916.v1.jpg" style="object-fit:contain" width="auto"/><div style="max-width:752px" class="flex flex-column items-center justify-center ph3 absolute"><div class="flex items-center"><span class="flex justify-center"><div class="flex"><div aria-label="Your weekly haul just got better"><span class="b f1-ns f2-m mb2 f-subheadline-l" style="color:#2e2f32" aria-hidden="true">Your weekly haul just got better</span></div></div></span></div><span class="tc f6 f4-m pb2-m" style="color:#2e2f32;max-width:540px" aria-hidden="false">Everyday low prices on groceries &amp; more</span><span class="flex justify-center justify-start-m pt2"><span class="flex self-center ph3 mh1"><a link-identifier="Shop now" class="flex h2-m pointer underline mh1-m f4-m f6" style="color:#2e2f32" href="https://www.walmart.com/cp/groceries-essentials/1735450?povid=976759_SkinnyBanner_7998220_Alcohol_103123">Shop now</a></span></span></div></div></div></div></section></div> <div class="ma3"><section><div data-testid="skinny-banner"><div class="w-100"><div class="flex flex-column items-center justify-center w-100 br3 overflow-hidden pv4 relative" style="height:200px"><img loading="lazy" aria-hidden="true" alt="Start 6 free months of Tastemade+ today" height="200px" src="https://i5.walmartimages.com/dfw/4ff9c6c9-e255/k2-_5b40c2b6-1dcd-4cc3-bc39-714895ea039d.v1.jpg" style="object-fit:contain" width="auto"/><div style="max-width:752px" class="flex flex-column items-center justify-center ph3 absolute"><div class="flex items-center"><span class="flex justify-center"><div class="flex"><div aria-label="Start 6 free months of Tastemade+ today"><span class="b f1-ns f2-m mb2 f-subheadline-l" style="color:#2e2f32" aria-hidden="true">Start 6 free months of Tastemade+ today</span></div></div></span></div><span class="tc f6 f4-m pb2-m" style="color:#2e2f32;max-width:540px" aria-hidden="false">Enjoy award-winning food shows &amp; more</span><span class="flex justify-center justify-start-m pt2"><span class="flex self-center ph3 mh1"><a link-identifier="Claim this offer" class="flex h2-m pointer underline mh1-m f4-m f6" style="color:#2e2f32" href="http://www.walmart.com/plus/program?programName=tastemade&amp;benefitPromoId=tastemade23&amp;povid=976759_SkinnyBanner_7998220_TasteMade_120123">Claim this offer</a></span></span></div></div></div></div></section></div> <!-- --> <section><div class=""><h2 class="w_kV33 w_LD4J w_mvVb f4 f3-m f2-l f2-xl f2-2xl lh-title mv4 pt3">Related pages</h2><ul class="flex flex-wrap w-100 flex-grow-0 flex-shrink-0 list ma0 pa0 mb4"><li class="w-100 w-50-m w-third-l w-third-xl w-third-2xl mb3"><a link-identifier="Fresh Holiday Bakery" class="black f6" href="/browse/food/fresh-holiday-bakery/976759_1567409_7998220_1547665_7757875">Fresh Holiday Bakery</a></li><li class="w-100 w-50-m w-third-l w-third-xl w-third-2xl mb3"><a link-identifier="Holiday Meal Household Essentials" class="black f6" href="/browse/food/holiday-meal-household-essentials/976759_1567409_7998220_4305948_8304135">Holiday Meal Household Essentials</a></li><li class="w-100 w-50-m w-third-l w-third-xl w-third-2xl mb3"><a link-identifier="Brunch" class="black f6" href="/browse/food/brunch/976759_1567409_7998220_4305948_8319119">Brunch</a></li><li class="w-100 w-50-m w-third-l w-third-xl w-third-2xl mb3"><a link-identifier="Desserts" class="black f6" href="/browse/food/desserts/976759_1567409_7998220_4305948_9323015">Desserts</a></li><li class="w-100 w-50-m w-third-l w-third-xl w-third-2xl mb3"><a link-identifier="All Holiday Baking" class="black f6" href="/browse/food/all-holiday-baking/976759_1567409_7998220_1547665_9626751">All Holiday Baking</a></li><li class="w-100 w-50-m w-third-l w-third-xl w-third-2xl mb3"><a link-identifier="Three Kings Day" class="black f6" href="/browse/food/three-kings-day/976759_1567409_7998220_4305948_9745499">Three Kings Day</a></li><li class="w-100 w-50-m w-third-l w-third-xl w-third-2xl mb3"><a link-identifier="Dessert Gift" class="black f6" href="/c/kp/dessert-gift">Dessert Gift</a></li><li class="w-100 w-50-m w-third-l w-third-xl w-third-2xl mb3"><a link-identifier="Holiday Fl" class="black f6" href="/c/kp/holiday-fl">Holiday Fl</a></li><li class="w-100 w-50-m w-third-l w-third-xl w-third-2xl mb3"><a link-identifier="Old Fashioned Kit" class="black f6" href="/c/kp/old-fashioned-kit">Old Fashioned Kit</a></li><li class="w-100 w-50-m w-third-l w-third-xl w-third-2xl mb3"><a link-identifier="Seasonal Food" class="black f6" href="/c/kp/seasonal-food">Seasonal Food</a></li></ul></div></section> <div data-testid="copy-block" class="ph3 center f7 mid-gray"><section><h2 class="w_kV33 w_LD4J w_mvVb f5 f3-m f2-l lh-title mt5 mb3">About Holiday Food - Walmart.com</h2><div class="w_rNem w__2zm" style="height:0;visibility:hidden"><div><h2>How do I make a waffle board for a holiday breakfast?</h2><p>To make a waffle board for the holidays, start with a large wooden cutting board. Place any food you have in containers first like whipped cream, syrups, peanut butter, hazelnut spread, or chocolate chips. Then, set small stacks of waffles near the containers, and fill open spaces with fresh fruits. Think berries, sliced bananas, kiwi fruit, and mandarin oranges. Next to the waffle board, add a platter of cooked bacon and link sausage for a scrumptious holiday breakfast.</p><h2>What are some easy holiday cocktails?</h2><p>For a pretty pomegranate mimosa, line the bottom of a champagne glass with about a teaspoon of pomegranate seeds. Fill about 1/3 of the glass with pomegranate juice and the rest with champagne. This cocktail offers a beautiful color, and you can watch the pomegranate seeds float gently to the top of the glass. For more easy holiday cocktails, serve mulled wine, eggnog spiked with brandy, and hard seltzers in flavors like peppermint or ginger snap.</p><h2>What are some no-bake desserts I can make for the holidays?</h2><p>Dipped pretzels are a no-bake dessert that people of all ages love. Dress up dipped pretzels with crushed peppermint or red and green sprinkles for the holidays. For another dipped treat, spread peanut butter between two round crackers and coat with dark chocolate dip. Use a small spoon to drizzle vanilla dip over the top for a fancy, holiday look.</p></div></div><button class="w_hhLG w_DZvO w_0_LY dib mb4 f6 black pa0 mt1" type="button" tabindex="0">Show more</button></section></div> </div></div></div></div><div class="bg-black-20 absolute--fill" id="backgroundTopNav" style="z-index:9998"></div></main></div></div></div><span><footer class="db pt5-hdkp lh-copy relative z-0"><section class="flex flex-column flex-row-hdkp justify-center bg-washed-primary"><section class=""><div class="pb4 pt3 pa0-hdkp footer-wrapper ph3 tc" style="padding-top:2rem;padding-bottom:2rem"><p class="f5 mt0">We’d love to hear what you think!</p><button class="w_hhLG w_XK4d w_jDfj" type="button">Give feedback</button></div></section></section><div class="bw2 bt-0 bl-0 br-0 b--solid b--near-white b--none-hdkp"></div><section><ul class="list ma0 mt3 ph3 pt1 ma0-hdkp ph4-hdkp pb4-hdkp pt3-hdkp flex-hdkp flex-wrap-hdkp justify-center-hdkp footer-list" data-testid="responsive-footer-list"><li><a link-identifier="All Departments" class="f6 no-underline mb3 ma0-hdkp footer-link mr4-hdkp db" href="/all-departments">All Departments</a></li><li><a link-identifier="Store Directory" class="f6 no-underline mb3 ma0-hdkp footer-link mr4-hdkp db" aria-label="Store Directory - opens in a new window" target="_blank" rel="noopener noreferrer" href="/store/directory">Store Directory</a></li><li><a link-identifier="Careers" class="f6 no-underline mb3 ma0-hdkp footer-link mr4-hdkp db" aria-label="Careers - opens in a new window" target="_blank" rel="noopener noreferrer" href="https://careers.walmart.com/">Careers</a></li><li><a link-identifier="Our Company" class="f6 no-underline mb3 ma0-hdkp footer-link mr4-hdkp db" aria-label="Our Company - opens in a new window" target="_blank" rel="noopener noreferrer" href="https://corporate.walmart.com/">Our Company</a></li><li><a link-identifier="Sell on Walmart.com" class="f6 no-underline mb3 ma0-hdkp footer-link mr4-hdkp db" aria-label="Sell on Walmart.com - opens in a new window" target="_blank" rel="noopener noreferrer" href="https://marketplace.walmart.com/?utm_source=Walmart.com&amp;utm_medium=link&amp;utm_campaign=footer">Sell on Walmart.com</a></li><li><a link-identifier="Help" class="f6 no-underline mb3 ma0-hdkp footer-link mr4-hdkp db" href="/help">Help</a></li><li><a link-identifier="COVID-19 Vaccine Scheduler" class="f6 no-underline mb3 ma0-hdkp footer-link mr4-hdkp db" href="https://www.walmart.com/cp/flu-shots-immunizations/1228302">COVID-19 Vaccine Scheduler</a></li><li><a link-identifier="Product Recalls" class="f6 no-underline mb3 ma0-hdkp footer-link mr4-hdkp db" aria-label="Product Recalls - opens in a new window" target="_blank" rel="noopener noreferrer" href="https://corporate.walmart.com/recalls">Product Recalls</a></li><li><a link-identifier="Accessibility" class="f6 no-underline mb3 ma0-hdkp footer-link mr4-hdkp db" aria-label="Accessibility - opens in a new window" target="_blank" rel="noopener noreferrer" href="https://www.walmart.com/help/article/responsible-disclosure-and-accessibility-policies/0f173dab8bd942da84b1cd7ab5ffc3cb">Accessibility</a></li><li><a link-identifier="Tax Exempt Program" class="f6 no-underline mb3 ma0-hdkp footer-link mr4-hdkp db" aria-label="Tax Exempt Program - opens in a new window" target="_blank" rel="noopener noreferrer" href="https://www.walmart.com/taxexempt/">Tax Exempt Program</a></li><li><a link-identifier="Get the Walmart App" class="f6 no-underline mb3 ma0-hdkp footer-link mr4-hdkp db" href="https://walmart.onelink.me/UIev?pid=walmart.com&amp;af_web_dp=https%3A%2F%2Fwww.walmart.com%2Fcp%2Fwalmart-mobile-app%2F1087865&amp;c=Walmart.com%20Site%20Footer&amp;af_dp=walmart%3A%2F%2F">Get the Walmart App</a></li><li><a link-identifier="Sign-up for Email" class="f6 no-underline mb3 ma0-hdkp footer-link mr4-hdkp db" href="https://www.walmart.com/cp/email-opt-in/8196352?gbo=1">Sign-up for Email</a></li><li><a link-identifier="Safety Data Sheet" class="f6 no-underline mb3 ma0-hdkp footer-link mr4-hdkp db" href="http://msds.walmartstores.com/">Safety Data Sheet</a></li><li><a link-identifier="Terms of Use" class="f6 no-underline mb3 ma0-hdkp footer-link mr4-hdkp db" href="/help/article/walmart-com-terms-of-use/3b75080af40340d6bbd596f116fae5a0">Terms of Use</a></li><li><a link-identifier="Privacy &amp; Security" class="f6 no-underline mb3 ma0-hdkp footer-link mr4-hdkp db" aria-label="Privacy &amp; Security - opens in a new window" target="_blank" rel="noopener noreferrer" href="https://corporate.walmart.com/privacy-security">Privacy &amp; Security</a></li><li><a link-identifier="California Supply Chain Act" class="f6 no-underline mb3 ma0-hdkp footer-link mr4-hdkp db" aria-label="California Supply Chain Act - opens in a new window" target="_blank" rel="noopener noreferrer" href="https://corporate.walmart.com/california-transparency">California Supply Chain Act</a></li><li><a link-identifier="Your Privacy Choices" class="f6 no-underline mb3 ma0-hdkp footer-link mr4-hdkp flex items-center" aria-label="Your Privacy Choices - opens in a new window" target="_blank" rel="noopener noreferrer" href="https://www.walmart.com/account/api/ccpa-intake?native=false&amp;app=gm&amp;type=sod"><img loading="lazy" width="29" height="14" src="//i5.walmartimages.com/dfwrs/76316474-f70e/k2-_67001355-c576-4ca2-989d-260a2673c41a.v1.png" alt="Privacy choices icon" class="mr1"/>Your Privacy Choices</a></li><li><a link-identifier="Notice at Collection" class="f6 no-underline mb3 ma0-hdkp footer-link mr4-hdkp db" aria-label="Notice at Collection - opens in a new window" target="_blank" rel="noopener noreferrer" href="https://corporate.walmart.com/privacy-security/california-privacy-rights#what-are-the-categories-of-personal-information-collected">Notice at Collection</a></li><li><a link-identifier="Request My Personal Information" class="f6 no-underline mb3 ma0-hdkp footer-link mr4-hdkp db" aria-label="Request My Personal Information - opens in a new window" target="_blank" rel="noopener noreferrer" href="https://www.walmart.com/account/api/ccpa-intake?native=false&amp;app=gm&amp;type=access">Request My Personal Information</a></li><li><a link-identifier="Brand Shop Directory" class="f6 no-underline mb3 ma0-hdkp footer-link mr4-hdkp db" href="https://www.walmart.com/brand/branddirectory">Brand Shop Directory</a></li><li><a link-identifier="#IYWYK" class="f6 no-underline mb3 ma0-hdkp footer-link mr4-hdkp db" href="https://www.walmart.com/cp/walmart-in-the-know/7781927">#IYWYK</a></li><li><a link-identifier="Walmart Business" class="f6 no-underline mb3 ma0-hdkp footer-link db" href="https://business.walmart.com/">Walmart Business</a></li></ul><div class="f7 lh-title mt6 pb5 ph3 pt1 tc-hdkp pa0-hdkp pt2-hdkp ma0-hdkp pb5-hdkp footer-copyright">© 2023 Walmart. All Rights Reserved.</div></section></footer></span> </div></div></div><div aria-live="assertive"></div></div><script id="__NEXT_DATA__" type="application/json" nonce="7F-x_MWmFK4HbNQS">{"props":{"pageProps":{"initialTempoData":{"data":{"contentLayout":{"host":"name of the pod","upstreamStatus":[],"modules":[{"name":"3 UP - Party Must Haves - Holiday Meals CP - 11.22.23","type":"POVCards","version":6,"status":"published","schedule":{"start":"2023-11-22T23:00Z","end":null,"priority":4,"expEnabled":false},"triggers":[{"pageType":"ContentPage","pageId":"7998220","zone":"contentZone4","inheritable":false}],"configs":{"__typename":"TempoWM_GLASSWWWPOVCardsConfigsV1","headingText":"Holiday party must-haves","viewAllLink":null,"imageAspectRatio":"regular","cardsV1":[{"headingText":"Apps","descriptionText":"Start the festivities with easy, low-prep bites.","image":{"alt":"Apps","assetId":"de67ae42-6aa5-46d3-9bb4-6f893ca2c4bf","assetName":"3733217-046-FOOD-NOV-Holiday-Meal-POV-838x470-A.png","src":"https://i5.walmartimages.com/dfw/4ff9c6c9-5a4f/k2-_b2e110cf-4a60-4608-9b80-ef0f74907025.v1.png","width":"838","height":"470"},"link":{"clickThrough":{"value":"https://www.walmart.com/browse/food/holiday-appetizers/976759_1567409_7998220_4305948_7095713?povid=976759_3upPOVCards_7998220_PartyMustHaves_Apps_112223"},"linkText":"Shop now"}},{"headingText":"Desserts","descriptionText":"Grab fresh or frozen treats to finish the night on a sweet note.","image":{"alt":"Desserts","assetId":"162cedc3-ff93-4e9d-8ed3-b72a10563f4c","assetName":"3733217-047-FOOD-NOV-Holiday-Meal-POV-838x470-B.png","src":"https://i5.walmartimages.com/dfw/4ff9c6c9-5b11/k2-_dba6737d-87a3-4390-97e9-e0290b509cd2.v1.png","width":"838","height":"470"},"link":{"clickThrough":{"value":"https://www.walmart.com/browse/food/desserts/976759_1567409_7998220_4305948_9323015?povid=976759_3upPOVCards_7998220_PartyMustHaves_Desserts_112223"},"linkText":"Shop now"}},{"headingText":"Cocktails \u0026 mocktails","descriptionText":"Delicious bevs \u0026 mixers for stunning sips—cheers to that!","image":{"alt":"Cocktails \u0026 mocktails","assetId":"e011d8f3-3337-41a7-80dc-e5054a446cb7","assetName":"3733217-048-FOOD-NOV-Holiday-Meal-POV-838x470-C.png","src":"https://i5.walmartimages.com/dfw/4ff9c6c9-a847/k2-_3531ee66-ee14-48b6-8a22-8d4075e1b832.v1.png","width":"838","height":"470"},"link":{"clickThrough":{"value":"https://www.walmart.com/browse/food/holiday-beverages/976759_1567409_7998220_4305948_2236979?povid=976759_3upPOVCards_7998220_PartyMustHaves_Beverages_112223"},"linkText":"Shop now"}}]},"publishedDate":1703431202279,"moduleId":"7c5a46af-5708-439d-9e92-c3b43567f927","module_id":"7c5a46af-5708-439d-9e92-c3b43567f927","matchedTrigger":{"pageType":"ContentPage","pageId":"7998220","zone":"contentZone4","inheritable":false}},{"name":"HubSpoke - Hosting this year? - Holiday Meal CP - 12.24.23","type":"HubSpokesNxM","version":3,"status":"published","schedule":{"start":"2023-12-24T23:00Z","end":null,"priority":18,"expEnabled":false},"triggers":[{"pageType":"ContentPage","pageId":"7998220","zone":"contentZone7","inheritable":false}],"configs":{"__typename":"TempoWM_GLASSWWWHubSpokesNxMConfigs","headingText":"Hosting this year?","suppressCTA":"False","colNumber":"Four","rows4":[{"__typename":"TempoWM_GLASSWWWHubSpokesNxMConfigsRows4","categories":[{"name":"Food prep","image":{"alt":"Food prep","assetId":"3c48b94e-3d8a-49e7-9afb-980b4ede260c","assetName":"3733217-064-FOOD-NOV-Holiday-Meal-HUB-SPOKES-NxM-580x580-B.png","src":"https://i5.walmartimages.com/dfw/4ff9c6c9-5188/k2-_8e0bdf50-6342-4bec-802c-5963421a4681.v1.png","clickThrough":{"value":"https://www.walmart.com/browse/household-essentials/food-prep-serve-store/1115193_3044946?povid=976759_HubSpoke_7998220_Hosting_FoodPrep_103123"}}},{"name":"Last minute home needs","image":{"alt":"Last minute home needs","assetId":"1ba2a2ec-b563-4793-b1ab-17729648dbb8","assetName":"3733217-066-FOOD-NOV-Holiday-Meal-HUB-SPOKES-NxM-580x580-D.png","src":"https://i5.walmartimages.com/dfw/4ff9c6c9-965e/k2-_6880845d-2389-4cb9-a7a7-a9c83ee5bd24.v1.png","clickThrough":{"value":"https://walmart.com/shop/deals/all-home/home-hosting-essentials?povid=976759_HubSpoke_7998220_Hosting_Kitchen_103123"}}},{"name":"Party supplies","image":{"alt":"New Years","assetId":"b773e0c9-9d77-402f-a755-036b0fd7e5d7","assetName":"3848495-052-FY24-FOOD-DEC-Holiday-Meal-SITE-1201-HUB-SPOKES-NxM-580x580-A.jpg","src":"https://i5.walmartimages.com/dfw/4ff9c6c9-fb3e/k2-_3427570e-e2a1-4ff7-b323-083bec5ea7d6.v1.jpg","clickThrough":{"value":"https://www.walmart.com/browse/2637_8854151?povid=976759_HubSpoke_7998220_Hosting_PartySupplies_103123"}}},{"name":"Clean up","image":{"alt":"Clean up","assetId":"055d9b3a-baa7-49b9-a0c9-17c6979ee301","assetName":"3733217-065-FOOD-NOV-Holiday-Meal-HUB-SPOKES-NxM-580x580-C.png","src":"https://i5.walmartimages.com/dfw/4ff9c6c9-7711/k2-_9094005c-dfee-4e99-8c67-5ffee4789389.v1.png","clickThrough":{"value":"https://www.walmart.com/browse/household-essentials/dishwashing/1115193_1071966_7583868?povid=976759_HubSpoke_7998220_Hosting_CleanUp_103123"}}}]}],"rows6":null},"publishedDate":1703433953822,"moduleId":"d58abe95-d4cc-4a49-89f7-2de8e911838d","module_id":"d58abe95-d4cc-4a49-89f7-2de8e911838d","matchedTrigger":{"pageType":"ContentPage","pageId":"7998220","zone":"contentZone7","inheritable":false}},{"name":"Item Carousel - Adult Bev - Holiday Meal CP - 11.17.23","type":"ItemCarousel","version":5,"status":"published","schedule":{"start":null,"end":null,"priority":1,"expEnabled":false},"triggers":[{"pageType":"ContentPage","pageId":"7998220","zone":"contentZone6","inheritable":false}],"configs":{"__typename":"TempoWM_GLASSWWWItemCarouselConfigsV1","type":null,"title":"Adult Beverages","subTitle":null,"viewAllLink":{"linkText":"View all","title":"View all","clickThrough":{"type":"url","value":"https://www.walmart.com/cp/2975985?povid=976759_ItemCarousel_7998220_AdultBev_111423"}},"spBeaconInfo":null,"tileOptions":null,"productsConfig":{"products":[{"canAddToCart":true,"showOptions":false,"badge":{"id":"L1600","text":"Best seller","key":"BESTSELLER","type":"LABEL","rank":1,"styleId":null},"badgeGroups":[],"badges":{"flags":[{"key":"BESTSELLER","text":"Best seller","type":"LABEL","id":"L1600","rank":1,"styleId":null}],"labels":[],"tags":[{"key":"PICKUP","text":"Pickup","id":"L1001","rank":null},{"key":"DELIVERY","text":"Delivery","id":"L1002","rank":null}],"groups":[]},"earlyAccessEvent":false,"eventAttributes":{"specialBuy":false,"priceFlip":false},"flag":"Best seller","classType":"REGULAR","fulfillmentBadges":["Pickup","Delivery"],"fulfillmentSpeed":null,"fulfillmentType":"STORE","id":"44391361","image":"https://i5.walmartimages.com/asr/a2787fc9-7441-464f-8e2e-447643c57bb2.55b532c8ae513cabd839768733026b67.jpeg","isEarlyAccessItem":false,"isOutOfStock":false,"maxVisibleSwatchCount":4,"name":"Samuel Adams Prime Time Seasonal Variety Craft Beer, 12 Pack, 12 fl. oz. Bottles, 4.5%-6.2% ABV","groupMetaData":null,"itemType":null,"pac":null,"offerId":"703E8B6FB6E244EBB7EEB008FA25EACB","sellerId":"F55CDC31AB754BB68FE0B39041159D63","showSubscribe":false,"sellerName":null,"salesUnitType":"EACH","weightIncrement":1,"hasSellerBadge":null,"preOrder":{"streetDate":null,"streetDateDisplayable":null,"streetDateType":null,"isPreOrder":false,"preOrderMessage":null,"preOrderStreetDateMessage":null},"price":18.73,"priceInfo":{"linePrice":"$18.73","priceDisplayCondition":null,"unitPrice":"13.0 ¢/fl oz","priceRangeString":"","subscriptionString":"","linePriceDisplay":"$18.73","eaPricingPreText":""},"usItemId":"44391361","variantList":[],"isVariantTypeSwatch":false,"type":"REGULAR","rating":{"averageRating":4.4,"numberOfReviews":9},"sponsoredProduct":null,"isSponsoredFlag":false,"brand":"Samuel Adams","canonicalUrl":"/ip/Samuel-Adams-Prime-Time-Seasonal-Variety-Craft-Beer-12-Pack-12-fl-oz-Bottles-4-5-6-2-ABV/44391361?athcpid=44391361\u0026athpgid=AthenaContentPage_7998220\u0026athcgid=null\u0026athznid=ItemCarousel_04efcecf-8ff6-49a1-92fa-aa11f5dcc052_items\u0026athieid=v0\u0026athstid=CS020\u0026athguid=NZweV7bKCjeEaERyHDHGZw0t96BAY2qGoaBn\u0026athancid=null\u0026athena=true\u0026athbdg=L1600"},{"canAddToCart":true,"showOptions":false,"badge":{"id":"L1600","text":"Best seller","key":"BESTSELLER","type":"LABEL","rank":1,"styleId":null},"badgeGroups":[],"badges":{"flags":[{"key":"BESTSELLER","text":"Best seller","type":"LABEL","id":"L1600","rank":1,"styleId":null}],"labels":[],"tags":[{"key":"THREE_PLUS_DAY_SHIPPING","text":"3+ day shipping","id":"L1005","rank":null}],"groups":[]},"earlyAccessEvent":false,"eventAttributes":{"specialBuy":false,"priceFlip":false},"flag":"Best seller","classType":"REGULAR","fulfillmentBadges":["3+ day shipping"],"fulfillmentSpeed":null,"fulfillmentType":"MARKETPLACE","id":"666355800","image":"https://i5.walmartimages.com/asr/4c880cb1-8577-4b92-9ab3-de7799be423b.eafdf4a7254be26ee83a28f327cb27e9.jpeg","isEarlyAccessItem":false,"isOutOfStock":false,"maxVisibleSwatchCount":4,"name":"Seedlip Grove 42 - Non-alcoholic Spirit | Calorie Free, Sugar Free | Non-alcoholic Cocktails | 23.7fl oz (700ml)","groupMetaData":null,"itemType":null,"pac":null,"unsheduled_Delivery_SLA":null,"offerId":"C47268D9A67C413397C56DEAC4A35A1D","sellerId":"A8D0E970FFE64790B3DE2B9DC0856A55","showSubscribe":false,"sellerName":null,"salesUnitType":"EACH","weightIncrement":1,"hasSellerBadge":null,"preOrder":{"streetDate":null,"streetDateDisplayable":null,"streetDateType":null,"isPreOrder":false,"preOrderMessage":null,"preOrderStreetDateMessage":null},"price":42.99,"priceInfo":{"linePrice":"$42.99","priceDisplayCondition":null,"priceRangeString":"","subscriptionString":"","linePriceDisplay":"$42.99","eaPricingPreText":""},"usItemId":"666355800","variantList":[],"isVariantTypeSwatch":false,"type":"REGULAR","rating":{"averageRating":0,"numberOfReviews":0},"sponsoredProduct":null,"isSponsoredFlag":false,"brand":"Seedlip","canonicalUrl":"/ip/Seedlip-Grove-42-Non-alcoholic-Spirit-Calorie-Free-Sugar-Free-Non-alcoholic-Cocktails-23-7fl-oz-700ml/666355800?athcpid=666355800\u0026athpgid=AthenaContentPage_7998220\u0026athcgid=null\u0026athznid=ItemCarousel_04efcecf-8ff6-49a1-92fa-aa11f5dcc052_items\u0026athieid=v0\u0026athstid=CS020\u0026athguid=NZweV7bKCjeEaERyHDHGZw0t96BAY2qGoaBn\u0026athancid=null\u0026athena=true\u0026athbdg=L1600"},{"canAddToCart":true,"showOptions":false,"badge":null,"badgeGroups":[],"badges":{"flags":null,"labels":[],"tags":[{"key":"PICKUP","text":"Pickup","id":"L1001","rank":null},{"key":"DELIVERY","text":"Delivery","id":"L1002","rank":null}],"groups":[]},"earlyAccessEvent":false,"eventAttributes":{"specialBuy":false,"priceFlip":false},"flag":"","classType":"REGULAR","fulfillmentBadges":["Pickup","Delivery"],"fulfillmentSpeed":null,"fulfillmentType":"STORE","id":"12167161","image":"https://i5.walmartimages.com/asr/0007d53d-04fa-4214-a577-b8964a85c8c9.7d5626fe9651f65874b61919bb9aafae.jpeg","isEarlyAccessItem":false,"isOutOfStock":false,"maxVisibleSwatchCount":4,"name":"Baileys Salted Caramel Irish Cream Liqueur, 750 ml","groupMetaData":null,"itemType":null,"pac":null,"offerId":"CF25956EFFFD4013A7C1D4A1E2C3046C","sellerId":"F55CDC31AB754BB68FE0B39041159D63","showSubscribe":false,"sellerName":null,"salesUnitType":"EACH","weightIncrement":1,"hasSellerBadge":null,"preOrder":{"streetDate":null,"streetDateDisplayable":null,"streetDateType":null,"isPreOrder":false,"preOrderMessage":null,"preOrderStreetDateMessage":null},"price":21.98,"priceInfo":{"linePrice":"$21.98","priceDisplayCondition":null,"unitPrice":"86.7 ¢/fl oz","priceRangeString":"","subscriptionString":"","linePriceDisplay":"$21.98","eaPricingPreText":""},"usItemId":"12167161","variantList":[],"isVariantTypeSwatch":false,"type":"REGULAR","rating":{"averageRating":4.7,"numberOfReviews":1538},"sponsoredProduct":null,"isSponsoredFlag":false,"brand":"Baileys Irish Cream","canonicalUrl":"/ip/Baileys-Salted-Caramel-Irish-Cream-Liqueur-750-ml/12167161?athcpid=12167161\u0026athpgid=AthenaContentPage_7998220\u0026athcgid=null\u0026athznid=ItemCarousel_04efcecf-8ff6-49a1-92fa-aa11f5dcc052_items\u0026athieid=v0\u0026athstid=CS020\u0026athguid=NZweV7bKCjeEaERyHDHGZw0t96BAY2qGoaBn\u0026athancid=null\u0026athena=true"},{"canAddToCart":true,"showOptions":false,"badge":{"id":"L1600","text":"Best seller","key":"BESTSELLER","type":"LABEL","rank":1,"styleId":null},"badgeGroups":[],"badges":{"flags":[{"key":"BESTSELLER","text":"Best seller","type":"LABEL","id":"L1600","rank":1,"styleId":null}],"labels":[],"tags":[{"key":"PICKUP","text":"Pickup","id":"L1001","rank":null},{"key":"DELIVERY","text":"Delivery","id":"L1002","rank":null}],"groups":[]},"earlyAccessEvent":false,"eventAttributes":{"specialBuy":false,"priceFlip":false},"flag":"Best seller","classType":"REGULAR","fulfillmentBadges":["Pickup","Delivery"],"fulfillmentSpeed":null,"fulfillmentType":"STORE","id":"185231322","image":"https://i5.walmartimages.com/asr/598f75e3-426c-4dd3-99b9-de4592aa1d2b.3f4bfb2ec49ce300d354f5cdb5bc1e0b.jpeg","isEarlyAccessItem":false,"isOutOfStock":false,"maxVisibleSwatchCount":4,"name":"Meiomi California Pinot Noir Red Wine, 750 ml Bottle, 13.5% ABV","groupMetaData":null,"itemType":null,"pac":null,"offerId":"04B91F598B7B4087941A1394B87A43B7","sellerId":"F55CDC31AB754BB68FE0B39041159D63","showSubscribe":false,"sellerName":null,"salesUnitType":"EACH","weightIncrement":1,"hasSellerBadge":null,"preOrder":{"streetDate":null,"streetDateDisplayable":null,"streetDateType":null,"isPreOrder":false,"preOrderMessage":null,"preOrderStreetDateMessage":null},"price":17.98,"priceInfo":{"linePrice":"$17.98","priceDisplayCondition":null,"unitPrice":"70.9 ¢/fl oz","priceRangeString":"","subscriptionString":"","linePriceDisplay":"$17.98","eaPricingPreText":""},"usItemId":"185231322","variantList":[],"isVariantTypeSwatch":false,"type":"REGULAR","rating":{"averageRating":4.8,"numberOfReviews":418},"sponsoredProduct":null,"isSponsoredFlag":false,"brand":"Meiomi","canonicalUrl":"/ip/Meiomi-California-Pinot-Noir-Red-Wine-750-ml-Bottle-13-5-ABV/185231322?athcpid=185231322\u0026athpgid=AthenaContentPage_7998220\u0026athcgid=null\u0026athznid=ItemCarousel_04efcecf-8ff6-49a1-92fa-aa11f5dcc052_items\u0026athieid=v0\u0026athstid=CS020\u0026athguid=NZweV7bKCjeEaERyHDHGZw0t96BAY2qGoaBn\u0026athancid=null\u0026athena=true\u0026athbdg=L1600"},{"canAddToCart":true,"showOptions":false,"badge":null,"badgeGroups":[],"badges":{"flags":null,"labels":[],"tags":[{"key":"THREE_PLUS_DAY_SHIPPING","text":"3+ day shipping","id":"L1005","rank":null}],"groups":[]},"earlyAccessEvent":false,"eventAttributes":{"specialBuy":false,"priceFlip":false},"flag":"","classType":"REGULAR","fulfillmentBadges":["3+ day shipping"],"fulfillmentSpeed":null,"fulfillmentType":"MARKETPLACE","id":"3939123491","image":"https://i5.walmartimages.com/asr/8c455a3c-a99f-446d-aeae-d7c05d798dd7.dda8b5da8597f052250f8a4ed53b4faf.jpeg","isEarlyAccessItem":false,"isOutOfStock":false,"maxVisibleSwatchCount":4,"name":"Starla Wines Non- Alcoholic Red Blend","groupMetaData":null,"itemType":null,"pac":null,"unsheduled_Delivery_SLA":null,"offerId":"2A0CA32023E93BD194503493948A24B9","sellerId":"D701FC888C65408E9152D38FCE1E13F4","showSubscribe":false,"sellerName":null,"salesUnitType":"EACH","weightIncrement":1,"hasSellerBadge":null,"preOrder":{"streetDate":null,"streetDateDisplayable":null,"streetDateType":null,"isPreOrder":false,"preOrderMessage":null,"preOrderStreetDateMessage":null},"price":19.95,"priceInfo":{"linePrice":"$19.95","priceDisplayCondition":null,"priceRangeString":"","subscriptionString":"","linePriceDisplay":"$19.95","eaPricingPreText":""},"usItemId":"3939123491","variantList":[],"isVariantTypeSwatch":false,"type":"REGULAR","rating":{"averageRating":1,"numberOfReviews":1},"sponsoredProduct":null,"isSponsoredFlag":false,"brand":"Starla Wines","canonicalUrl":"/ip/Starla-Wines-Non-Alcoholic-Red-Blend/3939123491?athcpid=3939123491\u0026athpgid=AthenaContentPage_7998220\u0026athcgid=null\u0026athznid=ItemCarousel_04efcecf-8ff6-49a1-92fa-aa11f5dcc052_items\u0026athieid=v0\u0026athstid=CS020\u0026athguid=NZweV7bKCjeEaERyHDHGZw0t96BAY2qGoaBn\u0026athancid=null\u0026athena=true"},{"canAddToCart":true,"showOptions":false,"badge":{"id":"L1600","text":"Best seller","key":"BESTSELLER","type":"LABEL","rank":1,"styleId":null},"badgeGroups":[],"badges":{"flags":[{"key":"BESTSELLER","text":"Best seller","type":"LABEL","id":"L1600","rank":1,"styleId":null}],"labels":[],"tags":[{"key":"PICKUP","text":"Pickup","id":"L1001","rank":null},{"key":"DELIVERY","text":"Delivery","id":"L1002","rank":null}],"groups":[]},"earlyAccessEvent":false,"eventAttributes":{"specialBuy":false,"priceFlip":false},"flag":"Best seller","classType":"REGULAR","fulfillmentBadges":["Pickup","Delivery"],"fulfillmentSpeed":null,"fulfillmentType":"STORE","id":"10984605","image":"https://i5.walmartimages.com/asr/087353a3-ac0f-46d1-83fc-38e8abfa575b.64b1853d61ed6c8e7703c4237dbf516a.jpeg","isEarlyAccessItem":false,"isOutOfStock":false,"maxVisibleSwatchCount":4,"name":"Samuel Adams Cold Snap White Ale Seasonal Craft Beer, 6 Pack, 12 fl. oz. Bottles, 5.3% ABV","groupMetaData":null,"itemType":null,"pac":null,"offerId":"02BB34B846214EB7822E5399FA569B03","sellerId":"F55CDC31AB754BB68FE0B39041159D63","showSubscribe":false,"sellerName":null,"salesUnitType":"EACH","weightIncrement":1,"hasSellerBadge":null,"preOrder":{"streetDate":null,"streetDateDisplayable":null,"streetDateType":null,"isPreOrder":false,"preOrderMessage":null,"preOrderStreetDateMessage":null},"price":9.98,"priceInfo":{"linePrice":"$9.98","priceDisplayCondition":null,"unitPrice":"13.9 ¢/fl oz","priceRangeString":"","subscriptionString":"","linePriceDisplay":"$9.98","eaPricingPreText":""},"usItemId":"10984605","variantList":[],"isVariantTypeSwatch":false,"type":"REGULAR","rating":{"averageRating":0,"numberOfReviews":0},"sponsoredProduct":null,"isSponsoredFlag":false,"brand":"Samuel Adams","canonicalUrl":"/ip/Samuel-Adams-Cold-Snap-White-Ale-Seasonal-Craft-Beer-6-Pack-12-fl-oz-Bottles-5-3-ABV/10984605?athcpid=10984605\u0026athpgid=AthenaContentPage_7998220\u0026athcgid=null\u0026athznid=ItemCarousel_04efcecf-8ff6-49a1-92fa-aa11f5dcc052_items\u0026athieid=v0\u0026athstid=CS020\u0026athguid=NZweV7bKCjeEaERyHDHGZw0t96BAY2qGoaBn\u0026athancid=null\u0026athena=true\u0026athbdg=L1600"},{"canAddToCart":true,"showOptions":false,"badge":null,"badgeGroups":[],"badges":{"flags":null,"labels":[],"tags":[{"key":"PICKUP","text":"Pickup","id":"L1001","rank":null},{"key":"DELIVERY","text":"Delivery","id":"L1002","rank":null}],"groups":[]},"earlyAccessEvent":false,"eventAttributes":{"specialBuy":false,"priceFlip":false},"flag":"","classType":"REGULAR","fulfillmentBadges":["Pickup","Delivery"],"fulfillmentSpeed":null,"fulfillmentType":"STORE","id":"275601820","image":"https://i5.walmartimages.com/asr/461cfb1f-b281-49fb-aaac-fc7aea7e6cb2.0fdf304ac8982d4307c994ed985e3f80.jpeg","isEarlyAccessItem":false,"isOutOfStock":false,"maxVisibleSwatchCount":4,"name":"Samuel Adams Just the Haze Non-Alcoholic IPA Craft Beer, Alcohol Free, 6 Pack, 12 fl. oz. Cans","groupMetaData":null,"itemType":null,"pac":null,"offerId":"9447075631F14465AA5EA6EE1D3B4E55","sellerId":"F55CDC31AB754BB68FE0B39041159D63","showSubscribe":false,"sellerName":null,"salesUnitType":"EACH","weightIncrement":1,"hasSellerBadge":null,"preOrder":{"streetDate":null,"streetDateDisplayable":null,"streetDateType":null,"isPreOrder":false,"preOrderMessage":null,"preOrderStreetDateMessage":null},"price":9.98,"priceInfo":{"linePrice":"$9.98","priceDisplayCondition":null,"unitPrice":"13.9 ¢/fl oz","priceRangeString":"","subscriptionString":"","linePriceDisplay":"$9.98","eaPricingPreText":""},"usItemId":"275601820","variantList":[],"isVariantTypeSwatch":false,"type":"REGULAR","rating":{"averageRating":4.6,"numberOfReviews":9},"sponsoredProduct":null,"isSponsoredFlag":false,"brand":"Samuel Adams","canonicalUrl":"/ip/Samuel-Adams-Just-the-Haze-Non-Alcoholic-IPA-Craft-Beer-Alcohol-Free-6-Pack-12-fl-oz-Cans/275601820?athcpid=275601820\u0026athpgid=AthenaContentPage_7998220\u0026athcgid=null\u0026athznid=ItemCarousel_04efcecf-8ff6-49a1-92fa-aa11f5dcc052_items\u0026athieid=v0\u0026athstid=CS020\u0026athguid=NZweV7bKCjeEaERyHDHGZw0t96BAY2qGoaBn\u0026athancid=null\u0026athena=true"},{"canAddToCart":true,"showOptions":false,"badge":null,"badgeGroups":[],"badges":{"flags":null,"labels":[],"tags":[{"key":"PICKUP","text":"Pickup","id":"L1001","rank":null},{"key":"DELIVERY","text":"Delivery","id":"L1002","rank":null}],"groups":[]},"earlyAccessEvent":false,"eventAttributes":{"specialBuy":false,"priceFlip":false},"flag":"","classType":"REGULAR","fulfillmentBadges":["Pickup","Delivery"],"fulfillmentSpeed":null,"fulfillmentType":"STORE","id":"159191648","image":"https://i5.walmartimages.com/asr/249f36b6-14a0-44ee-b0ee-73869fd8c57e.679794560378f22f58ff37c7e5d7d486.jpeg","isEarlyAccessItem":false,"isOutOfStock":false,"maxVisibleSwatchCount":4,"name":"Smirnoff Kissed Caramel (Vodka infused with Natural Flavors), Gluten Free, 750 ml, 30% ABV","groupMetaData":null,"itemType":null,"pac":null,"offerId":"FFAAA59140D64CC4B3BE3E91437B14AB","sellerId":"F55CDC31AB754BB68FE0B39041159D63","showSubscribe":false,"sellerName":null,"salesUnitType":"EACH","weightIncrement":1,"hasSellerBadge":null,"preOrder":{"streetDate":null,"streetDateDisplayable":null,"streetDateType":null,"isPreOrder":false,"preOrderMessage":null,"preOrderStreetDateMessage":null},"price":9.98,"priceInfo":{"linePrice":"$9.98","priceDisplayCondition":null,"unitPrice":"39.4 ¢/fl oz","priceRangeString":"","subscriptionString":"","linePriceDisplay":"$9.98","eaPricingPreText":""},"usItemId":"159191648","variantList":[],"isVariantTypeSwatch":false,"type":"REGULAR","rating":{"averageRating":4.6,"numberOfReviews":376},"sponsoredProduct":null,"isSponsoredFlag":false,"brand":"Smirnoff","canonicalUrl":"/ip/Smirnoff-Kissed-Caramel-Vodka-infused-with-Natural-Flavors-Gluten-Free-750-ml-30-ABV/159191648?athcpid=159191648\u0026athpgid=AthenaContentPage_7998220\u0026athcgid=null\u0026athznid=ItemCarousel_04efcecf-8ff6-49a1-92fa-aa11f5dcc052_items\u0026athieid=v0\u0026athstid=CS020\u0026athguid=NZweV7bKCjeEaERyHDHGZw0t96BAY2qGoaBn\u0026athancid=null\u0026athena=true"},{"canAddToCart":true,"showOptions":false,"badge":{"id":"L1600","text":"Best seller","key":"BESTSELLER","type":"LABEL","rank":1,"styleId":null},"badgeGroups":[],"badges":{"flags":[{"key":"BESTSELLER","text":"Best seller","type":"LABEL","id":"L1600","rank":1,"styleId":null}],"labels":[],"tags":[{"key":"PICKUP","text":"Pickup","id":"L1001","rank":null},{"key":"DELIVERY","text":"Delivery","id":"L1002","rank":null}],"groups":[]},"earlyAccessEvent":false,"eventAttributes":{"specialBuy":false,"priceFlip":false},"flag":"Best seller","classType":"REGULAR","fulfillmentBadges":["Pickup","Delivery"],"fulfillmentSpeed":null,"fulfillmentType":"STORE","id":"120796185","image":"https://i5.walmartimages.com/asr/8f8de777-77bb-4a2a-b80e-ed1094aecdca.531f6ca696e1e1356a367aa90fb7e604.jpeg","isEarlyAccessItem":false,"isOutOfStock":false,"maxVisibleSwatchCount":4,"name":"Bogle Cabernet Sauvignon Wine, California, 750ml Glass Bottle, 14.5% ABV, 5- 5oz Servings","groupMetaData":null,"itemType":null,"pac":null,"offerId":"38AB0393844147A0A53A364C4414BB8F","sellerId":"F55CDC31AB754BB68FE0B39041159D63","showSubscribe":false,"sellerName":null,"salesUnitType":"EACH","weightIncrement":1,"hasSellerBadge":null,"preOrder":{"streetDate":null,"streetDateDisplayable":null,"streetDateType":null,"isPreOrder":false,"preOrderMessage":null,"preOrderStreetDateMessage":null},"price":8.98,"priceInfo":{"linePrice":"$8.98","priceDisplayCondition":null,"unitPrice":"35.4 ¢/fl oz","priceRangeString":"","subscriptionString":"","linePriceDisplay":"$8.98","eaPricingPreText":""},"usItemId":"120796185","variantList":[],"isVariantTypeSwatch":false,"type":"REGULAR","rating":{"averageRating":4.9,"numberOfReviews":7},"sponsoredProduct":null,"isSponsoredFlag":false,"brand":"Bogle","canonicalUrl":"/ip/Bogle-Cabernet-Sauvignon-Wine-California-750ml-Glass-Bottle-14-5-ABV-5-5oz-Servings/120796185?athcpid=120796185\u0026athpgid=AthenaContentPage_7998220\u0026athcgid=null\u0026athznid=ItemCarousel_04efcecf-8ff6-49a1-92fa-aa11f5dcc052_items\u0026athieid=v0\u0026athstid=CS020\u0026athguid=NZweV7bKCjeEaERyHDHGZw0t96BAY2qGoaBn\u0026athancid=null\u0026athena=true\u0026athbdg=L1600"},{"canAddToCart":true,"showOptions":false,"badge":{"id":"L1600","text":"Best seller","key":"BESTSELLER","type":"LABEL","rank":1,"styleId":null},"badgeGroups":[],"badges":{"flags":[{"key":"BESTSELLER","text":"Best seller","type":"LABEL","id":"L1600","rank":1,"styleId":null}],"labels":[],"tags":[{"key":"PICKUP","text":"Pickup","id":"L1001","rank":null},{"key":"DELIVERY","text":"Delivery","id":"L1002","rank":null}],"groups":[]},"earlyAccessEvent":false,"eventAttributes":{"specialBuy":false,"priceFlip":false},"flag":"Best seller","classType":"REGULAR","fulfillmentBadges":["Pickup","Delivery"],"fulfillmentSpeed":null,"fulfillmentType":"STORE","id":"191420088","image":"https://i5.walmartimages.com/asr/be5cc703-fe0a-49da-9db0-5bd9c563068b.0cd946b034bc3fca345ac7c6b3b6c5a6.jpeg","isEarlyAccessItem":false,"isOutOfStock":false,"maxVisibleSwatchCount":4,"name":"Josh Cellars Cabernet Sauvignon Wine, 750 ml, Bottle","groupMetaData":null,"itemType":null,"pac":null,"offerId":"AD74851EAA7C4F4098C3DDF0F9448DB9","sellerId":"F55CDC31AB754BB68FE0B39041159D63","showSubscribe":false,"sellerName":null,"salesUnitType":"EACH","weightIncrement":1,"hasSellerBadge":null,"preOrder":{"streetDate":null,"streetDateDisplayable":null,"streetDateType":null,"isPreOrder":false,"preOrderMessage":null,"preOrderStreetDateMessage":null},"price":14.98,"priceInfo":{"linePrice":"$14.98","priceDisplayCondition":null,"unitPrice":"59.1 ¢/fl oz","priceRangeString":"","subscriptionString":"","linePriceDisplay":"$14.98","eaPricingPreText":""},"usItemId":"191420088","variantList":[],"isVariantTypeSwatch":false,"type":"REGULAR","rating":{"averageRating":4.7,"numberOfReviews":225},"sponsoredProduct":null,"isSponsoredFlag":false,"brand":"Josh Cellars","canonicalUrl":"/ip/Josh-Cellars-Cabernet-Sauvignon-Wine-750-ml-Bottle/191420088?athcpid=191420088\u0026athpgid=AthenaContentPage_7998220\u0026athcgid=null\u0026athznid=ItemCarousel_04efcecf-8ff6-49a1-92fa-aa11f5dcc052_items\u0026athieid=v0\u0026athstid=CS020\u0026athguid=NZweV7bKCjeEaERyHDHGZw0t96BAY2qGoaBn\u0026athancid=null\u0026athena=true\u0026athbdg=L1600"},{"canAddToCart":true,"showOptions":false,"badge":{"id":"L1600","text":"Best seller","key":"BESTSELLER","type":"LABEL","rank":1,"styleId":null},"badgeGroups":[],"badges":{"flags":[{"key":"BESTSELLER","text":"Best seller","type":"LABEL","id":"L1600","rank":1,"styleId":null}],"labels":[],"tags":[{"key":"PICKUP","text":"Pickup","id":"L1001","rank":null},{"key":"DELIVERY","text":"Delivery","id":"L1002","rank":null}],"groups":[]},"earlyAccessEvent":false,"eventAttributes":{"specialBuy":false,"priceFlip":false},"flag":"Best seller","classType":"REGULAR","fulfillmentBadges":["Pickup","Delivery"],"fulfillmentSpeed":null,"fulfillmentType":"STORE","id":"22563370","image":"https://i5.walmartimages.com/asr/84bdd2a4-3f6e-4d96-af50-f8c5ca4d474c.385049d1b9a9747f4b1c9fab548c70a9.jpeg","isEarlyAccessItem":false,"isOutOfStock":false,"maxVisibleSwatchCount":4,"name":"Stella Artois Lager, 12 Pack Beer, 11.2 fl oz Bottles, 5.0% ABV","groupMetaData":null,"itemType":null,"pac":null,"offerId":"1304B75EEED64B0EBC6B73B72624CFD4","sellerId":"F55CDC31AB754BB68FE0B39041159D63","showSubscribe":false,"sellerName":null,"salesUnitType":"EACH","weightIncrement":1,"hasSellerBadge":null,"preOrder":{"streetDate":null,"streetDateDisplayable":null,"streetDateType":null,"isPreOrder":false,"preOrderMessage":null,"preOrderStreetDateMessage":null},"price":15.73,"priceInfo":{"linePrice":"$15.73","priceDisplayCondition":null,"unitPrice":"11.7 ¢/fl oz","priceRangeString":"","subscriptionString":"","linePriceDisplay":"$15.73","eaPricingPreText":""},"usItemId":"22563370","variantList":[],"isVariantTypeSwatch":false,"type":"REGULAR","rating":{"averageRating":4.6,"numberOfReviews":78},"sponsoredProduct":null,"isSponsoredFlag":false,"brand":"Stella Artois","canonicalUrl":"/ip/Stella-Artois-Lager-12-Pack-Beer-11-2-fl-oz-Bottles-5-0-ABV/22563370?athcpid=22563370\u0026athpgid=AthenaContentPage_7998220\u0026athcgid=null\u0026athznid=ItemCarousel_04efcecf-8ff6-49a1-92fa-aa11f5dcc052_items\u0026athieid=v0\u0026athstid=CS020\u0026athguid=NZweV7bKCjeEaERyHDHGZw0t96BAY2qGoaBn\u0026athancid=null\u0026athena=true\u0026athbdg=L1600"},{"canAddToCart":true,"showOptions":false,"badge":null,"badgeGroups":[],"badges":{"flags":null,"labels":[],"tags":[{"key":"PICKUP","text":"Pickup","id":"L1001","rank":null},{"key":"DELIVERY","text":"Delivery","id":"L1002","rank":null}],"groups":[]},"earlyAccessEvent":false,"eventAttributes":{"specialBuy":false,"priceFlip":false},"flag":"","classType":"REGULAR","fulfillmentBadges":["Pickup","Delivery"],"fulfillmentSpeed":null,"fulfillmentType":"STORE","id":"164031908","image":"https://i5.walmartimages.com/asr/3e59b71a-924c-4b87-b14f-0221e778d4c6.d52ef83baa118c60c3b543f055c3b86b.jpeg","isEarlyAccessItem":false,"isOutOfStock":false,"maxVisibleSwatchCount":4,"name":"Decoy Cabernet Sauvignon Wine, 750 ml, Bottle","groupMetaData":null,"itemType":null,"pac":null,"offerId":"8538C6ACA72B4415BE2D3616A4C41996","sellerId":"F55CDC31AB754BB68FE0B39041159D63","showSubscribe":false,"sellerName":null,"salesUnitType":"EACH","weightIncrement":1,"hasSellerBadge":null,"preOrder":{"streetDate":null,"streetDateDisplayable":null,"streetDateType":null,"isPreOrder":false,"preOrderMessage":null,"preOrderStreetDateMessage":null},"price":19.98,"priceInfo":{"linePrice":"$19.98","priceDisplayCondition":null,"unitPrice":"78.7 ¢/fl oz","priceRangeString":"","subscriptionString":"","linePriceDisplay":"$19.98","eaPricingPreText":""},"usItemId":"164031908","variantList":[],"isVariantTypeSwatch":false,"type":"REGULAR","rating":{"averageRating":4.7,"numberOfReviews":28},"sponsoredProduct":null,"isSponsoredFlag":false,"brand":"Decoy","canonicalUrl":"/ip/Decoy-Cabernet-Sauvignon-Wine-750-ml-Bottle/164031908?athcpid=164031908\u0026athpgid=AthenaContentPage_7998220\u0026athcgid=null\u0026athznid=ItemCarousel_04efcecf-8ff6-49a1-92fa-aa11f5dcc052_items\u0026athieid=v0\u0026athstid=CS020\u0026athguid=NZweV7bKCjeEaERyHDHGZw0t96BAY2qGoaBn\u0026athancid=null\u0026athena=true"},{"canAddToCart":true,"showOptions":false,"badge":null,"badgeGroups":[],"badges":{"flags":null,"labels":[],"tags":[{"key":"PICKUP","text":"Pickup","id":"L1001","rank":null},{"key":"DELIVERY","text":"Delivery","id":"L1002","rank":null}],"groups":[]},"earlyAccessEvent":false,"eventAttributes":{"specialBuy":false,"priceFlip":false},"flag":"","classType":"REGULAR","fulfillmentBadges":["Pickup","Delivery"],"fulfillmentSpeed":null,"fulfillmentType":"STORE","id":"186656072","image":"https://i5.walmartimages.com/asr/0854aedb-67a0-4042-8924-cb8b943a2cdf.ed030c9edb4d29f1831b5818dd6d5c47.jpeg","isEarlyAccessItem":false,"isOutOfStock":false,"maxVisibleSwatchCount":4,"name":"Guinness Draught Beer, 11.2oz Bottles, 6pk","groupMetaData":null,"itemType":null,"pac":null,"offerId":"D702729BF7294B9FB066C9C94B3F77B2","sellerId":"F55CDC31AB754BB68FE0B39041159D63","showSubscribe":false,"sellerName":null,"salesUnitType":"EACH","weightIncrement":1,"hasSellerBadge":null,"preOrder":{"streetDate":null,"streetDateDisplayable":null,"streetDateType":null,"isPreOrder":false,"preOrderMessage":null,"preOrderStreetDateMessage":null},"price":9.27,"priceInfo":{"linePrice":"$9.27","priceDisplayCondition":null,"unitPrice":"13.8 ¢/fl oz","priceRangeString":"","subscriptionString":"","linePriceDisplay":"$9.27","eaPricingPreText":""},"usItemId":"186656072","variantList":[],"isVariantTypeSwatch":false,"type":"REGULAR","rating":{"averageRating":4.5,"numberOfReviews":316},"sponsoredProduct":null,"isSponsoredFlag":false,"brand":"Guinness","canonicalUrl":"/ip/Guinness-Draught-Beer-11-2oz-Bottles-6pk/186656072?athcpid=186656072\u0026athpgid=AthenaContentPage_7998220\u0026athcgid=null\u0026athznid=ItemCarousel_04efcecf-8ff6-49a1-92fa-aa11f5dcc052_items\u0026athieid=v0\u0026athstid=CS020\u0026athguid=NZweV7bKCjeEaERyHDHGZw0t96BAY2qGoaBn\u0026athancid=null\u0026athena=true"},{"canAddToCart":true,"showOptions":false,"badge":null,"badgeGroups":[],"badges":{"flags":null,"labels":[],"tags":[{"key":"PICKUP","text":"Pickup","id":"L1001","rank":null},{"key":"DELIVERY","text":"Delivery","id":"L1002","rank":null}],"groups":[]},"earlyAccessEvent":false,"eventAttributes":{"specialBuy":false,"priceFlip":false},"flag":"","classType":"REGULAR","fulfillmentBadges":["Pickup","Delivery"],"fulfillmentSpeed":null,"fulfillmentType":"STORE","id":"936449833","image":"https://i5.walmartimages.com/asr/2209d316-d252-4c5c-92d8-06b87542dcd6_1.dc5e30dd90407df29ab5920ad48d1908.jpeg","isEarlyAccessItem":false,"isOutOfStock":false,"maxVisibleSwatchCount":4,"name":"Bread \u0026 Butter Chardonnay White Wine, California, 13.5% ABV, 750ml Glass Bottle, 5-150ml Servings","groupMetaData":null,"itemType":null,"pac":null,"offerId":"E26BDF11FF334A228192DD2D2E495E6B","sellerId":"F55CDC31AB754BB68FE0B39041159D63","showSubscribe":false,"sellerName":null,"salesUnitType":"EACH","weightIncrement":1,"hasSellerBadge":null,"preOrder":{"streetDate":null,"streetDateDisplayable":null,"streetDateType":null,"isPreOrder":false,"preOrderMessage":null,"preOrderStreetDateMessage":null},"price":13.48,"priceInfo":{"linePrice":"$13.48","priceDisplayCondition":null,"unitPrice":"53.2 ¢/fl oz","priceRangeString":"","subscriptionString":"","linePriceDisplay":"$13.48","eaPricingPreText":""},"usItemId":"936449833","variantList":[],"isVariantTypeSwatch":false,"type":"REGULAR","rating":{"averageRating":4.5,"numberOfReviews":15},"sponsoredProduct":null,"isSponsoredFlag":false,"brand":"Bread \u0026 Butter","canonicalUrl":"/ip/Bread-Butter-Chardonnay-White-Wine-California-13-5-ABV-750ml-Glass-Bottle-5-150ml-Servings/936449833?athcpid=936449833\u0026athpgid=AthenaContentPage_7998220\u0026athcgid=null\u0026athznid=ItemCarousel_04efcecf-8ff6-49a1-92fa-aa11f5dcc052_items\u0026athieid=v0\u0026athstid=CS020\u0026athguid=NZweV7bKCjeEaERyHDHGZw0t96BAY2qGoaBn\u0026athancid=null\u0026athena=true"}]}},"publishedDate":1703433977863,"moduleId":"04efcecf-8ff6-49a1-92fa-aa11f5dcc052","module_id":"04efcecf-8ff6-49a1-92fa-aa11f5dcc052","matchedTrigger":{"pageType":"ContentPage","pageId":"7998220","zone":"contentZone6","inheritable":false}},{"name":"Item Carousel - Fresh Produce - Holiday Meals CP - 10.31.23","type":"ItemCarousel","version":15,"status":"published","schedule":{"start":null,"end":null,"priority":19,"expEnabled":false},"triggers":[{"pageType":"ContentPage","pageId":"7998220","zone":"contentZone9","inheritable":false}],"configs":{"__typename":"TempoWM_GLASSWWWItemCarouselConfigsV1","type":null,"title":"Fresh produce","subTitle":null,"viewAllLink":{"linkText":"View all","title":"View all","clickThrough":{"type":"url","value":"https://www.walmart.com/browse/food/holiday-fresh-frozen-produce/976759_1567409_7998220_4305948_4507494?povid=976759_ItemCarousel_7998220_Produce_101723"}},"spBeaconInfo":null,"tileOptions":null,"productsConfig":{"products":[{"canAddToCart":true,"showOptions":false,"badge":{"id":"L1600","text":"Best seller","key":"BESTSELLER","type":"LABEL","rank":1,"styleId":null},"badgeGroups":[],"badges":{"flags":[{"key":"BESTSELLER","text":"Best seller","type":"LABEL","id":"L1600","rank":1,"styleId":null}],"labels":[],"tags":[{"key":"PICKUP","text":"Pickup","id":"L1001","rank":null},{"key":"DELIVERY","text":"Delivery","id":"L1002","rank":null}],"groups":[]},"earlyAccessEvent":false,"eventAttributes":{"specialBuy":false,"priceFlip":false},"flag":"Best seller","classType":"REGULAR","fulfillmentBadges":["Pickup","Delivery"],"fulfillmentSpeed":null,"fulfillmentType":"STORE","id":"10451316","image":"https://i5.walmartimages.com/asr/7e8ec89d-158d-41d7-9dd4-aada713d1227.bda0fd4fa50396bc2205c1ca2e38ea75.jpeg","isEarlyAccessItem":false,"isOutOfStock":false,"maxVisibleSwatchCount":4,"name":"Fresh Baby-Cut Carrots, 2lb Bag","groupMetaData":null,"itemType":null,"pac":null,"offerId":"07BF0225456442D7BF2B57008A0BF38F","sellerId":"F55CDC31AB754BB68FE0B39041159D63","showSubscribe":false,"sellerName":null,"salesUnitType":"EACH","weightIncrement":1,"hasSellerBadge":null,"preOrder":{"streetDate":null,"streetDateDisplayable":null,"streetDateType":null,"isPreOrder":false,"preOrderMessage":null,"preOrderStreetDateMessage":null},"price":1.48,"priceInfo":{"linePrice":"$1.48","priceDisplayCondition":null,"unitPrice":"4.6 ¢/oz","wasPrice":"$2.44","priceRangeString":"","subscriptionString":"","savings":"SAVE $0.96","linePriceDisplay":"Now $1.48","eaPricingPreText":""},"usItemId":"10451316","variantList":[],"isVariantTypeSwatch":false,"type":"REGULAR","rating":{"averageRating":2.9,"numberOfReviews":443},"sponsoredProduct":null,"isSponsoredFlag":false,"brand":"Fresh Produce","canonicalUrl":"/ip/Fresh-Baby-Cut-Carrots-2lb-Bag/10451316?athcpid=10451316\u0026athpgid=AthenaContentPage_7998220\u0026athcgid=null\u0026athznid=ItemCarousel_b47226a9-b24c-4208-a426-adfc451b3b39_items\u0026athieid=v0\u0026athstid=CS020\u0026athguid=NZweV7bKCjeEaERyHDHGZw0t96BAY2qGoaBn\u0026athancid=null\u0026athena=true\u0026athbdg=L1600"},{"canAddToCart":true,"showOptions":false,"badge":{"id":"L1600","text":"Best seller","key":"BESTSELLER","type":"LABEL","rank":1,"styleId":null},"badgeGroups":[],"badges":{"flags":[{"key":"BESTSELLER","text":"Best seller","type":"LABEL","id":"L1600","rank":1,"styleId":null}],"labels":[],"tags":[{"key":"PICKUP","text":"Pickup","id":"L1001","rank":null},{"key":"DELIVERY","text":"Delivery","id":"L1002","rank":null}],"groups":[]},"earlyAccessEvent":false,"eventAttributes":{"specialBuy":false,"priceFlip":false},"flag":"Best seller","classType":"REGULAR","fulfillmentBadges":["Pickup","Delivery"],"fulfillmentSpeed":null,"fulfillmentType":"STORE","id":"13399617","image":"https://i5.walmartimages.com/asr/e9ba3263-86ad-42c8-b713-8e4065ac9d5c.3fe2190a3c18d151428448332affaf36.jpeg","isEarlyAccessItem":false,"isOutOfStock":false,"maxVisibleSwatchCount":4,"name":"Broccoli Florets, 12 oz","groupMetaData":null,"itemType":null,"pac":null,"offerId":"D8DA2D2AD00B4184B6EE9C6171D6C8AC","sellerId":"F55CDC31AB754BB68FE0B39041159D63","showSubscribe":false,"sellerName":null,"salesUnitType":"EACH","weightIncrement":1,"hasSellerBadge":null,"preOrder":{"streetDate":null,"streetDateDisplayable":null,"streetDateType":null,"isPreOrder":false,"preOrderMessage":null,"preOrderStreetDateMessage":null},"price":2.57,"priceInfo":{"linePrice":"$2.57","priceDisplayCondition":null,"unitPrice":"21.4 ¢/oz","wasPrice":"$2.88","priceRangeString":"","subscriptionString":"","savings":"SAVE $0.31","linePriceDisplay":"Now $2.57","eaPricingPreText":""},"usItemId":"13399617","variantList":[],"isVariantTypeSwatch":false,"type":"REGULAR","rating":{"averageRating":2.5,"numberOfReviews":354},"sponsoredProduct":null,"isSponsoredFlag":false,"brand":"Marketside","canonicalUrl":"/ip/Broccoli-Florets-12-oz/13399617?athcpid=13399617\u0026athpgid=AthenaContentPage_7998220\u0026athcgid=null\u0026athznid=ItemCarousel_b47226a9-b24c-4208-a426-adfc451b3b39_items\u0026athieid=v0\u0026athstid=CS020\u0026athguid=NZweV7bKCjeEaERyHDHGZw0t96BAY2qGoaBn\u0026athancid=null\u0026athena=true\u0026athbdg=L1600"},{"canAddToCart":true,"showOptions":false,"badge":{"id":"L1600","text":"Best seller","key":"BESTSELLER","type":"LABEL","rank":1,"styleId":null},"badgeGroups":[],"badges":{"flags":[{"key":"BESTSELLER","text":"Best seller","type":"LABEL","id":"L1600","rank":1,"styleId":null}],"labels":[],"tags":[{"key":"PICKUP","text":"Pickup","id":"L1001","rank":null},{"key":"DELIVERY","text":"Delivery","id":"L1002","rank":null}],"groups":[]},"earlyAccessEvent":false,"eventAttributes":{"specialBuy":false,"priceFlip":false},"flag":"Best seller","classType":"REGULAR","fulfillmentBadges":["Pickup","Delivery"],"fulfillmentSpeed":null,"fulfillmentType":"STORE","id":"14053328","image":"https://i5.walmartimages.com/asr/103b22cf-1823-4c22-bea5-fdd627641db8.143d5bcd166225f7f545acc62faf158e.jpeg","isEarlyAccessItem":false,"isOutOfStock":false,"maxVisibleSwatchCount":4,"name":"Marketside Fresh Green Beans, 12 oz","groupMetaData":null,"itemType":null,"pac":null,"offerId":"599DD1EA1800442D8CF6F2296ADCF5A5","sellerId":"F55CDC31AB754BB68FE0B39041159D63","showSubscribe":false,"sellerName":null,"salesUnitType":"EACH","weightIncrement":1,"hasSellerBadge":null,"preOrder":{"streetDate":null,"streetDateDisplayable":null,"streetDateType":null,"isPreOrder":false,"preOrderMessage":null,"preOrderStreetDateMessage":null},"price":2.57,"priceInfo":{"linePrice":"$2.57","priceDisplayCondition":null,"unitPrice":"21.4 ¢/oz","wasPrice":"$2.88","priceRangeString":"","subscriptionString":"","savings":"SAVE $0.31","linePriceDisplay":"Now $2.57","eaPricingPreText":""},"usItemId":"14053328","variantList":[],"isVariantTypeSwatch":false,"type":"REGULAR","rating":{"averageRating":1.7,"numberOfReviews":398},"sponsoredProduct":null,"isSponsoredFlag":false,"brand":"New World Farms","canonicalUrl":"/ip/Marketside-Fresh-Green-Beans-12-oz/14053328?athcpid=14053328\u0026athpgid=AthenaContentPage_7998220\u0026athcgid=null\u0026athznid=ItemCarousel_b47226a9-b24c-4208-a426-adfc451b3b39_items\u0026athieid=v0\u0026athstid=CS020\u0026athguid=NZweV7bKCjeEaERyHDHGZw0t96BAY2qGoaBn\u0026athancid=null\u0026athena=true\u0026athbdg=L1600"},{"canAddToCart":true,"showOptions":false,"badge":null,"badgeGroups":[],"badges":{"flags":null,"labels":[],"tags":[{"key":"PICKUP","text":"Pickup","id":"L1001","rank":null},{"key":"DELIVERY","text":"Delivery","id":"L1002","rank":null}],"groups":[]},"earlyAccessEvent":false,"eventAttributes":{"specialBuy":false,"priceFlip":false},"flag":"","classType":"REGULAR","fulfillmentBadges":["Pickup","Delivery"],"fulfillmentSpeed":null,"fulfillmentType":"STORE","id":"10423113","image":"https://i5.walmartimages.com/asr/570e6f81-ea5d-42ec-921f-65ed8c1d779e.4560ecfc3287868cd04f51ea44eeb48c.jpeg","isEarlyAccessItem":false,"isOutOfStock":false,"maxVisibleSwatchCount":4,"name":"Fresh Chopped Collard Greens, 32 oz","groupMetaData":null,"itemType":null,"pac":null,"offerId":"D65DB1852CAE4DE29DBC4C6ED459DE01","sellerId":"F55CDC31AB754BB68FE0B39041159D63","showSubscribe":false,"sellerName":null,"salesUnitType":"EACH","weightIncrement":1,"hasSellerBadge":null,"preOrder":{"streetDate":null,"streetDateDisplayable":null,"streetDateType":null,"isPreOrder":false,"preOrderMessage":null,"preOrderStreetDateMessage":null},"price":4.98,"priceInfo":{"linePrice":"$4.98","priceDisplayCondition":null,"unitPrice":"15.6 ¢/oz","priceRangeString":"","subscriptionString":"","linePriceDisplay":"$4.98","eaPricingPreText":""},"usItemId":"10423113","variantList":[],"isVariantTypeSwatch":false,"type":"REGULAR","rating":{"averageRating":2.2,"numberOfReviews":199},"sponsoredProduct":null,"isSponsoredFlag":false,"brand":"Fresh Produce","canonicalUrl":"/ip/Fresh-Chopped-Collard-Greens-32-oz/10423113?athcpid=10423113\u0026athpgid=AthenaContentPage_7998220\u0026athcgid=null\u0026athznid=ItemCarousel_b47226a9-b24c-4208-a426-adfc451b3b39_items\u0026athieid=v0\u0026athstid=CS020\u0026athguid=NZweV7bKCjeEaERyHDHGZw0t96BAY2qGoaBn\u0026athancid=null\u0026athena=true"},{"canAddToCart":true,"showOptions":false,"badge":{"id":"L1600","text":"Best seller","key":"BESTSELLER","type":"LABEL","rank":1,"styleId":null},"badgeGroups":[],"badges":{"flags":[{"key":"BESTSELLER","text":"Best seller","type":"LABEL","id":"L1600","rank":1,"styleId":null}],"labels":[],"tags":[{"key":"PICKUP","text":"Pickup","id":"L1001","rank":null},{"key":"DELIVERY","text":"Delivery","id":"L1002","rank":null}],"groups":[]},"earlyAccessEvent":false,"eventAttributes":{"specialBuy":false,"priceFlip":false},"flag":"Best seller","classType":"REGULAR","fulfillmentBadges":["Pickup","Delivery"],"fulfillmentSpeed":null,"fulfillmentType":"STORE","id":"51259385","image":"https://i5.walmartimages.com/asr/b2e89856-4554-4a74-86bc-deec81ce9678.f4b6c5b369a7b7c3b8970848c1fe570d.jpeg","isEarlyAccessItem":false,"isOutOfStock":false,"maxVisibleSwatchCount":4,"name":"Fresh Brussels Sprouts, 1 lb Bag","groupMetaData":null,"itemType":null,"pac":null,"offerId":"773E3805254B43889EA8E381528C1D19","sellerId":"F55CDC31AB754BB68FE0B39041159D63","showSubscribe":false,"sellerName":null,"salesUnitType":"EACH","weightIncrement":1,"hasSellerBadge":null,"preOrder":{"streetDate":null,"streetDateDisplayable":null,"streetDateType":null,"isPreOrder":false,"preOrderMessage":null,"preOrderStreetDateMessage":null},"price":2.98,"priceInfo":{"linePrice":"$2.98","priceDisplayCondition":null,"unitPrice":"18.6 ¢/oz","priceRangeString":"","subscriptionString":"","linePriceDisplay":"$2.98","eaPricingPreText":""},"usItemId":"51259385","variantList":[],"isVariantTypeSwatch":false,"type":"REGULAR","rating":{"averageRating":1.9,"numberOfReviews":382},"sponsoredProduct":null,"isSponsoredFlag":false,"brand":"Green Giant","canonicalUrl":"/ip/Fresh-Brussels-Sprouts-1-lb-Bag/51259385?athcpid=51259385\u0026athpgid=AthenaContentPage_7998220\u0026athcgid=null\u0026athznid=ItemCarousel_b47226a9-b24c-4208-a426-adfc451b3b39_items\u0026athieid=v0\u0026athstid=CS020\u0026athguid=NZweV7bKCjeEaERyHDHGZw0t96BAY2qGoaBn\u0026athancid=null\u0026athena=true\u0026athbdg=L1600"},{"canAddToCart":true,"showOptions":false,"badge":{"id":"L1600","text":"Best seller","key":"BESTSELLER","type":"LABEL","rank":1,"styleId":null},"badgeGroups":[],"badges":{"flags":[{"key":"BESTSELLER","text":"Best seller","type":"LABEL","id":"L1600","rank":1,"styleId":null}],"labels":[],"tags":[{"key":"PICKUP","text":"Pickup","id":"L1001","rank":null},{"key":"DELIVERY","text":"Delivery","id":"L1002","rank":null}],"groups":[]},"earlyAccessEvent":false,"eventAttributes":{"specialBuy":false,"priceFlip":false},"flag":"Best seller","classType":"REGULAR","fulfillmentBadges":["Pickup","Delivery"],"fulfillmentSpeed":null,"fulfillmentType":"STORE","id":"44390952","image":"https://i5.walmartimages.com/asr/f762d937-60c5-42d4-88c2-9bcab37c5bbd.85beb0fe32a4fe683efd98a88be6dd76.jpeg","isEarlyAccessItem":false,"isOutOfStock":false,"maxVisibleSwatchCount":4,"name":"Fresh Cut and Harvested Produce Asparagus, Bunch","groupMetaData":null,"itemType":null,"pac":null,"offerId":"C1D256CD002A4F029E6447157C393144","sellerId":"F55CDC31AB754BB68FE0B39041159D63","showSubscribe":false,"sellerName":null,"salesUnitType":"EACH","weightIncrement":1,"hasSellerBadge":null,"preOrder":{"streetDate":null,"streetDateDisplayable":null,"streetDateType":null,"isPreOrder":false,"preOrderMessage":null,"preOrderStreetDateMessage":null},"price":3.67,"priceInfo":{"linePrice":"$3.67","priceDisplayCondition":null,"priceRangeString":"","subscriptionString":"","linePriceDisplay":"$3.67","eaPricingPreText":""},"usItemId":"44390952","variantList":[],"isVariantTypeSwatch":false,"type":"REGULAR","rating":{"averageRating":1.7,"numberOfReviews":1345},"sponsoredProduct":null,"isSponsoredFlag":false,"brand":"Fresh Produce","canonicalUrl":"/ip/Fresh-Cut-and-Harvested-Produce-Asparagus-Bunch/44390952?athcpid=44390952\u0026athpgid=AthenaContentPage_7998220\u0026athcgid=null\u0026athznid=ItemCarousel_b47226a9-b24c-4208-a426-adfc451b3b39_items\u0026athieid=v0\u0026athstid=CS020\u0026athguid=NZweV7bKCjeEaERyHDHGZw0t96BAY2qGoaBn\u0026athancid=null\u0026athena=true\u0026athbdg=L1600"},{"canAddToCart":true,"showOptions":false,"badge":{"id":"L1600","text":"Best seller","key":"BESTSELLER","type":"LABEL","rank":1,"styleId":null},"badgeGroups":[],"badges":{"flags":[{"key":"BESTSELLER","text":"Best seller","type":"LABEL","id":"L1600","rank":1,"styleId":null}],"labels":[],"tags":[{"key":"PICKUP","text":"Pickup","id":"L1001","rank":null},{"key":"DELIVERY","text":"Delivery","id":"L1002","rank":null}],"groups":[]},"earlyAccessEvent":false,"eventAttributes":{"specialBuy":false,"priceFlip":false},"flag":"Best seller","classType":"REGULAR","fulfillmentBadges":["Pickup","Delivery"],"fulfillmentSpeed":null,"fulfillmentType":"STORE","id":"13399616","image":"https://i5.walmartimages.com/asr/e1b24447-13d1-400f-8c08-d028387af462.7bf1e62b403af40061a416cf56c9af22.jpeg","isEarlyAccessItem":false,"isOutOfStock":false,"maxVisibleSwatchCount":4,"name":"Marketside Fresh Vegetable Medley Blend, 12 oz","groupMetaData":null,"itemType":null,"pac":null,"offerId":"63890FF600464D29A53BF4E0713825DB","sellerId":"F55CDC31AB754BB68FE0B39041159D63","showSubscribe":false,"sellerName":null,"salesUnitType":"EACH","weightIncrement":1,"hasSellerBadge":null,"preOrder":{"streetDate":null,"streetDateDisplayable":null,"streetDateType":null,"isPreOrder":false,"preOrderMessage":null,"preOrderStreetDateMessage":null},"price":2.57,"priceInfo":{"linePrice":"$2.57","priceDisplayCondition":null,"unitPrice":"21.4 ¢/oz","wasPrice":"$2.88","priceRangeString":"","subscriptionString":"","savings":"SAVE $0.31","linePriceDisplay":"Now $2.57","eaPricingPreText":""},"usItemId":"13399616","variantList":[],"isVariantTypeSwatch":false,"type":"REGULAR","rating":{"averageRating":1.5,"numberOfReviews":160},"sponsoredProduct":null,"isSponsoredFlag":false,"brand":"Marketside","canonicalUrl":"/ip/Marketside-Fresh-Vegetable-Medley-Blend-12-oz/13399616?athcpid=13399616\u0026athpgid=AthenaContentPage_7998220\u0026athcgid=null\u0026athznid=ItemCarousel_b47226a9-b24c-4208-a426-adfc451b3b39_items\u0026athieid=v0\u0026athstid=CS020\u0026athguid=NZweV7bKCjeEaERyHDHGZw0t96BAY2qGoaBn\u0026athancid=null\u0026athena=true\u0026athbdg=L1600"},{"canAddToCart":true,"showOptions":false,"badge":null,"badgeGroups":[],"badges":{"flags":null,"labels":[],"tags":[{"key":"PICKUP","text":"Pickup","id":"L1001","rank":null},{"key":"DELIVERY","text":"Delivery","id":"L1002","rank":null}],"groups":[]},"earlyAccessEvent":false,"eventAttributes":{"specialBuy":false,"priceFlip":false},"flag":"","classType":"REGULAR","fulfillmentBadges":["Pickup","Delivery"],"fulfillmentSpeed":null,"fulfillmentType":"STORE","id":"350018260","image":"https://i5.walmartimages.com/asr/397fe05c-e020-4294-bcad-29f9c82b6c5f.6384d688bbaf2ee63db5fd4981416dd4.jpeg","isEarlyAccessItem":false,"isOutOfStock":false,"maxVisibleSwatchCount":4,"name":"Marketside Fresh Halved Brussels Sprouts, 12 oz","groupMetaData":null,"itemType":null,"pac":null,"offerId":"E7AA119E34B5481EAEC2ADE2B82CAD9A","sellerId":"F55CDC31AB754BB68FE0B39041159D63","showSubscribe":false,"sellerName":null,"salesUnitType":"EACH","weightIncrement":1,"hasSellerBadge":null,"preOrder":{"streetDate":null,"streetDateDisplayable":null,"streetDateType":null,"isPreOrder":false,"preOrderMessage":null,"preOrderStreetDateMessage":null},"price":3.28,"priceInfo":{"linePrice":"$3.28","priceDisplayCondition":null,"unitPrice":"27.3 ¢/oz","priceRangeString":"","subscriptionString":"","linePriceDisplay":"$3.28","eaPricingPreText":""},"usItemId":"350018260","variantList":[],"isVariantTypeSwatch":false,"type":"REGULAR","rating":{"averageRating":1.6,"numberOfReviews":187},"sponsoredProduct":null,"isSponsoredFlag":false,"brand":"Marketside","canonicalUrl":"/ip/Marketside-Fresh-Halved-Brussels-Sprouts-12-oz/350018260?athcpid=350018260\u0026athpgid=AthenaContentPage_7998220\u0026athcgid=null\u0026athznid=ItemCarousel_b47226a9-b24c-4208-a426-adfc451b3b39_items\u0026athieid=v0\u0026athstid=CS020\u0026athguid=NZweV7bKCjeEaERyHDHGZw0t96BAY2qGoaBn\u0026athancid=null\u0026athena=true"},{"canAddToCart":true,"showOptions":false,"badge":{"id":"L1600","text":"Best seller","key":"BESTSELLER","type":"LABEL","rank":1,"styleId":null},"badgeGroups":[],"badges":{"flags":[{"key":"BESTSELLER","text":"Best seller","type":"LABEL","id":"L1600","rank":1,"styleId":null}],"labels":[],"tags":[{"key":"PICKUP","text":"Pickup","id":"L1001","rank":null},{"key":"DELIVERY","text":"Delivery","id":"L1002","rank":null}],"groups":[]},"earlyAccessEvent":false,"eventAttributes":{"specialBuy":false,"priceFlip":false},"flag":"Best seller","classType":"REGULAR","fulfillmentBadges":["Pickup","Delivery"],"fulfillmentSpeed":null,"fulfillmentType":"STORE","id":"10447837","image":"https://i5.walmartimages.com/asr/39e383c7-abe5-42fa-9078-5d6d0bb5c0d4.8fc19a526bf85bd640d369c4c85a2bf2.jpeg","isEarlyAccessItem":false,"isOutOfStock":false,"maxVisibleSwatchCount":4,"name":"Russet Potatoes Whole Fresh, 5 lb Bag","groupMetaData":null,"itemType":null,"pac":null,"offerId":"8FD69C538EF042069BB2AAE910E85ABD","sellerId":"F55CDC31AB754BB68FE0B39041159D63","showSubscribe":false,"sellerName":null,"salesUnitType":"EACH","weightIncrement":1,"hasSellerBadge":null,"preOrder":{"streetDate":null,"streetDateDisplayable":null,"streetDateType":null,"isPreOrder":false,"preOrderMessage":null,"preOrderStreetDateMessage":null},"price":2.68,"priceInfo":{"linePrice":"$2.68","priceDisplayCondition":null,"unitPrice":"53.6 ¢/lb","wasPrice":"$3.87","priceRangeString":"","subscriptionString":"","savings":"SAVE $1.19","linePriceDisplay":"Now $2.68","eaPricingPreText":""},"usItemId":"10447837","variantList":[],"isVariantTypeSwatch":false,"type":"REGULAR","rating":{"averageRating":2.2,"numberOfReviews":2264},"sponsoredProduct":null,"isSponsoredFlag":false,"brand":"Fresh Produce","canonicalUrl":"/ip/Russet-Potatoes-Whole-Fresh-5-lb-Bag/10447837?athcpid=10447837\u0026athpgid=AthenaContentPage_7998220\u0026athcgid=null\u0026athznid=ItemCarousel_b47226a9-b24c-4208-a426-adfc451b3b39_items\u0026athieid=v0\u0026athstid=CS020\u0026athguid=NZweV7bKCjeEaERyHDHGZw0t96BAY2qGoaBn\u0026athancid=null\u0026athena=true\u0026athbdg=L1600"},{"canAddToCart":true,"showOptions":false,"badge":{"id":"L1300","text":"Rollback","key":"ROLLBACK","type":"LABEL","rank":1,"styleId":null},"badgeGroups":[],"badges":{"flags":[{"key":"ROLLBACK","text":"Rollback","type":"LABEL","id":"L1300","rank":1,"styleId":null}],"labels":[],"tags":[{"key":"PICKUP","text":"Pickup","id":"L1001","rank":null},{"key":"DELIVERY","text":"Delivery","id":"L1002","rank":null}],"groups":[]},"earlyAccessEvent":false,"eventAttributes":{"specialBuy":false,"priceFlip":false},"flag":"Rollback","classType":"REGULAR","fulfillmentBadges":["Pickup","Delivery"],"fulfillmentSpeed":null,"fulfillmentType":"STORE","id":"44391317","image":"https://i5.walmartimages.com/asr/9fd904ba-cd80-4c29-93d0-94116a778937.48e8b2ad7de0848ca2a89b30edb9ff51.jpeg","isEarlyAccessItem":false,"isOutOfStock":false,"maxVisibleSwatchCount":4,"name":"Fresh Collard Greens Bunch, Each","groupMetaData":null,"itemType":null,"pac":null,"offerId":"87627363C911450CA273855E204B6EC0","sellerId":"F55CDC31AB754BB68FE0B39041159D63","showSubscribe":false,"sellerName":null,"salesUnitType":"EACH","weightIncrement":1,"hasSellerBadge":null,"preOrder":{"streetDate":null,"streetDateDisplayable":null,"streetDateType":null,"isPreOrder":false,"preOrderMessage":null,"preOrderStreetDateMessage":null},"price":0.98,"priceInfo":{"linePrice":"$0.98","priceDisplayCondition":null,"wasPrice":"$1.24","priceRangeString":"","subscriptionString":"","savings":"SAVE $0.26","linePriceDisplay":"Now $0.98","eaPricingPreText":""},"usItemId":"44391317","variantList":[],"isVariantTypeSwatch":false,"type":"REGULAR","rating":{"averageRating":1.8,"numberOfReviews":444},"sponsoredProduct":null,"isSponsoredFlag":false,"brand":"Fresh Produce","canonicalUrl":"/ip/Fresh-Collard-Greens-Bunch-Each/44391317?athcpid=44391317\u0026athpgid=AthenaContentPage_7998220\u0026athcgid=null\u0026athznid=ItemCarousel_b47226a9-b24c-4208-a426-adfc451b3b39_items\u0026athieid=v0\u0026athstid=CS020\u0026athguid=NZweV7bKCjeEaERyHDHGZw0t96BAY2qGoaBn\u0026athancid=null\u0026athena=true\u0026athbdg=L1300"},{"canAddToCart":true,"showOptions":false,"badge":{"id":"L1600","text":"Best seller","key":"BESTSELLER","type":"LABEL","rank":1,"styleId":null},"badgeGroups":[],"badges":{"flags":[{"key":"BESTSELLER","text":"Best seller","type":"LABEL","id":"L1600","rank":1,"styleId":null}],"labels":[],"tags":[{"key":"PICKUP","text":"Pickup","id":"L1001","rank":null},{"key":"DELIVERY","text":"Delivery","id":"L1002","rank":null}],"groups":[]},"earlyAccessEvent":false,"eventAttributes":{"specialBuy":false,"priceFlip":false},"flag":"Best seller","classType":"REGULAR","fulfillmentBadges":["Pickup","Delivery"],"fulfillmentSpeed":null,"fulfillmentType":"STORE","id":"51259361","image":"https://i5.walmartimages.com/asr/e3e6b87a-735c-4e00-b35b-c566d3f56ff3.e7440b87be49eb20ac956d0a2690822e.jpeg","isEarlyAccessItem":false,"isOutOfStock":false,"maxVisibleSwatchCount":4,"name":"Fresh Green Onions Bunch, Each","groupMetaData":null,"itemType":null,"pac":null,"offerId":"CF81ED6A74E841889EC46F70FEAE7C97","sellerId":"F55CDC31AB754BB68FE0B39041159D63","showSubscribe":false,"sellerName":null,"salesUnitType":"EACH","weightIncrement":1,"hasSellerBadge":null,"preOrder":{"streetDate":null,"streetDateDisplayable":null,"streetDateType":null,"isPreOrder":false,"preOrderMessage":null,"preOrderStreetDateMessage":null},"price":0.88,"priceInfo":{"linePrice":"$0.88","priceDisplayCondition":null,"priceRangeString":"","subscriptionString":"","linePriceDisplay":"$0.88","eaPricingPreText":""},"usItemId":"51259361","variantList":[],"isVariantTypeSwatch":false,"type":"REGULAR","rating":{"averageRating":1.8,"numberOfReviews":1797},"sponsoredProduct":null,"isSponsoredFlag":false,"brand":"Fresh Produce","canonicalUrl":"/ip/Fresh-Green-Onions-Bunch-Each/51259361?athcpid=51259361\u0026athpgid=AthenaContentPage_7998220\u0026athcgid=null\u0026athznid=ItemCarousel_b47226a9-b24c-4208-a426-adfc451b3b39_items\u0026athieid=v0\u0026athstid=CS020\u0026athguid=NZweV7bKCjeEaERyHDHGZw0t96BAY2qGoaBn\u0026athancid=null\u0026athena=true\u0026athbdg=L1600"},{"canAddToCart":true,"showOptions":false,"badge":{"id":"L1600","text":"Best seller","key":"BESTSELLER","type":"LABEL","rank":1,"styleId":null},"badgeGroups":[],"badges":{"flags":[{"key":"BESTSELLER","text":"Best seller","type":"LABEL","id":"L1600","rank":1,"styleId":null}],"labels":[],"tags":[{"key":"PICKUP","text":"Pickup","id":"L1001","rank":null},{"key":"DELIVERY","text":"Delivery","id":"L1002","rank":null}],"groups":[]},"earlyAccessEvent":false,"eventAttributes":{"specialBuy":false,"priceFlip":false},"flag":"Best seller","classType":"REGULAR","fulfillmentBadges":["Pickup","Delivery"],"fulfillmentSpeed":null,"fulfillmentType":"STORE","id":"51259411","image":"https://i5.walmartimages.com/asr/b9f848d3-13f1-43d3-99db-33e17abb9c1c_1.987f0112fa028282b940a6502fc0db18.jpeg","isEarlyAccessItem":false,"isOutOfStock":false,"maxVisibleSwatchCount":4,"name":"Fresh Celery Stalk, Each","groupMetaData":null,"itemType":null,"pac":null,"offerId":"C75E518BFAB0469EBA0C86005095BC25","sellerId":"F55CDC31AB754BB68FE0B39041159D63","showSubscribe":false,"sellerName":null,"salesUnitType":"EACH","weightIncrement":1,"hasSellerBadge":null,"preOrder":{"streetDate":null,"streetDateDisplayable":null,"streetDateType":null,"isPreOrder":false,"preOrderMessage":null,"preOrderStreetDateMessage":null},"price":0.98,"priceInfo":{"linePrice":"$0.98","priceDisplayCondition":null,"wasPrice":"$2.08","priceRangeString":"","subscriptionString":"","savings":"SAVE $1.10","linePriceDisplay":"Now $0.98","eaPricingPreText":""},"usItemId":"51259411","variantList":[],"isVariantTypeSwatch":false,"type":"REGULAR","rating":{"averageRating":1.8,"numberOfReviews":2247},"sponsoredProduct":null,"isSponsoredFlag":false,"brand":"Fresh Produce","canonicalUrl":"/ip/Fresh-Celery-Stalk-Each/51259411?athcpid=51259411\u0026athpgid=AthenaContentPage_7998220\u0026athcgid=null\u0026athznid=ItemCarousel_b47226a9-b24c-4208-a426-adfc451b3b39_items\u0026athieid=v0\u0026athstid=CS020\u0026athguid=NZweV7bKCjeEaERyHDHGZw0t96BAY2qGoaBn\u0026athancid=null\u0026athena=true\u0026athbdg=L1600"},{"canAddToCart":true,"showOptions":false,"badge":{"id":"L1600","text":"Best seller","key":"BESTSELLER","type":"LABEL","rank":1,"styleId":null},"badgeGroups":[],"badges":{"flags":[{"key":"BESTSELLER","text":"Best seller","type":"LABEL","id":"L1600","rank":1,"styleId":null}],"labels":[],"tags":[{"key":"PICKUP","text":"Pickup","id":"L1001","rank":null},{"key":"DELIVERY","text":"Delivery","id":"L1002","rank":null}],"groups":[]},"earlyAccessEvent":false,"eventAttributes":{"specialBuy":false,"priceFlip":false},"flag":"Best seller","classType":"REGULAR","fulfillmentBadges":["Pickup","Delivery"],"fulfillmentSpeed":null,"fulfillmentType":"STORE","id":"44391315","image":"https://i5.walmartimages.com/asr/c8bb0100-dfb6-47b6-ad72-1b3c4d27c853.ffd069e6a7379f244c201de3c1a2a3d5.jpeg","isEarlyAccessItem":false,"isOutOfStock":false,"maxVisibleSwatchCount":4,"name":"Fresh Pomegranate, Each","groupMetaData":null,"itemType":null,"pac":null,"offerId":"048A02C37F80464A99DC61361E87EDC7","sellerId":"F55CDC31AB754BB68FE0B39041159D63","showSubscribe":false,"sellerName":null,"salesUnitType":"EACH","weightIncrement":1,"hasSellerBadge":null,"preOrder":{"streetDate":null,"streetDateDisplayable":null,"streetDateType":null,"isPreOrder":false,"preOrderMessage":null,"preOrderStreetDateMessage":null},"price":1.98,"priceInfo":{"linePrice":"$1.98","priceDisplayCondition":null,"priceRangeString":"","subscriptionString":"","linePriceDisplay":"$1.98","eaPricingPreText":""},"usItemId":"44391315","variantList":[],"isVariantTypeSwatch":false,"type":"REGULAR","rating":{"averageRating":1.9,"numberOfReviews":239},"sponsoredProduct":null,"isSponsoredFlag":false,"brand":"Fresh Produce","canonicalUrl":"/ip/Fresh-Pomegranate-Each/44391315?athcpid=44391315\u0026athpgid=AthenaContentPage_7998220\u0026athcgid=null\u0026athznid=ItemCarousel_b47226a9-b24c-4208-a426-adfc451b3b39_items\u0026athieid=v0\u0026athstid=CS020\u0026athguid=NZweV7bKCjeEaERyHDHGZw0t96BAY2qGoaBn\u0026athancid=null\u0026athena=true\u0026athbdg=L1600"},{"canAddToCart":true,"showOptions":false,"badge":null,"badgeGroups":[],"badges":{"flags":null,"labels":[],"tags":[{"key":"PICKUP","text":"Pickup","id":"L1001","rank":null},{"key":"DELIVERY","text":"Delivery","id":"L1002","rank":null}],"groups":[]},"earlyAccessEvent":false,"eventAttributes":{"specialBuy":false,"priceFlip":false},"flag":"","classType":"REGULAR","fulfillmentBadges":["Pickup","Delivery"],"fulfillmentSpeed":null,"fulfillmentType":"STORE","id":"132720824","image":"https://i5.walmartimages.com/asr/0218f5c6-0364-4d86-b0d0-28887458f17e.da73ef9eb619a403b92227d9a31a8e8a.jpeg","isEarlyAccessItem":false,"isOutOfStock":false,"maxVisibleSwatchCount":4,"name":"Sweet Potatoes Whole Fresh, 3 lb Bag","groupMetaData":null,"itemType":null,"pac":null,"offerId":"4D33F8B0AC734481A1BF4FB5E4281EB8","sellerId":"F55CDC31AB754BB68FE0B39041159D63","showSubscribe":false,"sellerName":null,"salesUnitType":"EACH","weightIncrement":1,"hasSellerBadge":null,"preOrder":{"streetDate":null,"streetDateDisplayable":null,"streetDateType":null,"isPreOrder":false,"preOrderMessage":null,"preOrderStreetDateMessage":null},"price":3.98,"priceInfo":{"linePrice":"$3.98","priceDisplayCondition":null,"unitPrice":"$1.33/lb","priceRangeString":"","subscriptionString":"","linePriceDisplay":"$3.98","eaPricingPreText":""},"usItemId":"132720824","variantList":[],"isVariantTypeSwatch":false,"type":"REGULAR","rating":{"averageRating":1.7,"numberOfReviews":783},"sponsoredProduct":null,"isSponsoredFlag":false,"brand":"Fresh Produce","canonicalUrl":"/ip/Sweet-Potatoes-Whole-Fresh-3-lb-Bag/132720824?athcpid=132720824\u0026athpgid=AthenaContentPage_7998220\u0026athcgid=null\u0026athznid=ItemCarousel_b47226a9-b24c-4208-a426-adfc451b3b39_items\u0026athieid=v0\u0026athstid=CS020\u0026athguid=NZweV7bKCjeEaERyHDHGZw0t96BAY2qGoaBn\u0026athancid=null\u0026athena=true"}]}},"publishedDate":1703140623177,"moduleId":"b47226a9-b24c-4208-a426-adfc451b3b39","module_id":"b47226a9-b24c-4208-a426-adfc451b3b39","matchedTrigger":{"pageType":"ContentPage","pageId":"7998220","zone":"contentZone9","inheritable":false}},{"name":"Item Carousel - No fuss sides - Holiday Meals - 10.17.23","type":"ItemCarousel","version":17,"status":"published","schedule":{"start":null,"end":null,"priority":19,"expEnabled":false},"triggers":[{"pageType":"ContentPage","pageId":"7998220","zone":"contentZone8","inheritable":false}],"configs":{"__typename":"TempoWM_GLASSWWWItemCarouselConfigsV1","type":null,"title":"No fuss sides","subTitle":null,"viewAllLink":{"linkText":"View all","title":"View all","clickThrough":{"type":"url","value":"https://www.walmart.com/browse/food/holiday-sides/976759_1567409_7998220_4305948_7268634?povid=976759_ItemCarousel_7998220_Sides_101723"}},"spBeaconInfo":null,"tileOptions":null,"productsConfig":{"products":[{"canAddToCart":true,"showOptions":false,"badge":null,"badgeGroups":[],"badges":{"flags":null,"labels":[],"tags":[{"key":"PICKUP","text":"Pickup","id":"L1001","rank":null},{"key":"DELIVERY","text":"Delivery","id":"L1002","rank":null}],"groups":[]},"earlyAccessEvent":false,"eventAttributes":{"specialBuy":false,"priceFlip":false},"flag":"","classType":"REGULAR","fulfillmentBadges":["Pickup","Delivery"],"fulfillmentSpeed":null,"fulfillmentType":"STORE","id":"564429459","image":"https://i5.walmartimages.com/asr/df21a8ff-0a40-47fa-8650-a6006d2264bb.d0f7f2f720032b6eb4ba6511846933af.jpeg","isEarlyAccessItem":false,"isOutOfStock":false,"maxVisibleSwatchCount":4,"name":"Taylor Farms Family Size Sweet Kale Chopped Salad Kit, 22 oz Bag, Fresh","groupMetaData":null,"itemType":null,"pac":null,"offerId":"6321A410932D4C368FF6577085DC5304","sellerId":"F55CDC31AB754BB68FE0B39041159D63","showSubscribe":false,"sellerName":null,"salesUnitType":"EACH","weightIncrement":1,"hasSellerBadge":null,"preOrder":{"streetDate":null,"streetDateDisplayable":null,"streetDateType":null,"isPreOrder":false,"preOrderMessage":null,"preOrderStreetDateMessage":null},"price":4.98,"priceInfo":{"linePrice":"$4.98","priceDisplayCondition":null,"unitPrice":"22.3 ¢/oz","priceRangeString":"","subscriptionString":"","linePriceDisplay":"$4.98","eaPricingPreText":""},"usItemId":"564429459","variantList":[],"isVariantTypeSwatch":false,"type":"REGULAR","rating":{"averageRating":0,"numberOfReviews":0},"sponsoredProduct":null,"isSponsoredFlag":false,"brand":"Taylor Farms","canonicalUrl":"/ip/Taylor-Farms-Family-Size-Sweet-Kale-Chopped-Salad-Kit-22-oz-Bag-Fresh/564429459?athcpid=564429459\u0026athpgid=AthenaContentPage_7998220\u0026athcgid=null\u0026athznid=ItemCarousel_2d153eac-6031-4d14-8bf7-9be8cf8dcc30_items\u0026athieid=v0\u0026athstid=CS020\u0026athguid=NZweV7bKCjeEaERyHDHGZw0t96BAY2qGoaBn\u0026athancid=null\u0026athena=true"},{"canAddToCart":true,"showOptions":false,"badge":null,"badgeGroups":[],"badges":{"flags":null,"labels":[],"tags":[{"key":"THREE_PLUS_DAY_SHIPPING","text":"3+ day shipping","id":"L1005","rank":null}],"groups":[]},"earlyAccessEvent":false,"eventAttributes":{"specialBuy":false,"priceFlip":false},"flag":"","classType":"REGULAR","fulfillmentBadges":["3+ day shipping"],"fulfillmentSpeed":null,"fulfillmentType":"MARKETPLACE","id":"751829055","image":"https://i5.walmartimages.com/asr/3102068f-05bd-4421-89b4-88c884b39839.ccc04a26efc9e1d1792f2f6610254202.jpeg","isEarlyAccessItem":false,"isOutOfStock":false,"maxVisibleSwatchCount":4,"name":"Pepperidge Farm Herb Seasoned Classic Stuffing, 12 oz. Bag","groupMetaData":null,"itemType":null,"pac":null,"unsheduled_Delivery_SLA":null,"offerId":"BE764B8A4D2C37DFBEBEDBBE9175F403","sellerId":"980AAA69C8084DA48EE97D21A5FECFD8","showSubscribe":false,"sellerName":null,"salesUnitType":"EACH","weightIncrement":1,"hasSellerBadge":null,"preOrder":{"streetDate":null,"streetDateDisplayable":null,"streetDateType":null,"isPreOrder":false,"preOrderMessage":null,"preOrderStreetDateMessage":null},"price":6.98,"priceInfo":{"linePrice":"$6.98","priceDisplayCondition":null,"unitPrice":"58.2 ¢/oz","wasPrice":"$9.99","priceRangeString":"","subscriptionString":"","savings":"SAVE $3.01","linePriceDisplay":"Now $6.98","eaPricingPreText":""},"usItemId":"751829055","variantList":[],"isVariantTypeSwatch":false,"type":"REGULAR","rating":{"averageRating":4.3,"numberOfReviews":275},"sponsoredProduct":null,"isSponsoredFlag":false,"brand":"Pepperidge Farm","canonicalUrl":"/ip/Pepperidge-Farm-Herb-Seasoned-Classic-Stuffing-12-oz-Bag/751829055?athcpid=751829055\u0026athpgid=AthenaContentPage_7998220\u0026athcgid=null\u0026athznid=ItemCarousel_2d153eac-6031-4d14-8bf7-9be8cf8dcc30_items\u0026athieid=v0\u0026athstid=CS020\u0026athguid=NZweV7bKCjeEaERyHDHGZw0t96BAY2qGoaBn\u0026athancid=null\u0026athena=true"},{"canAddToCart":true,"showOptions":false,"badge":{"id":"L1600","text":"Best seller","key":"BESTSELLER","type":"LABEL","rank":1,"styleId":null},"badgeGroups":[],"badges":{"flags":[{"key":"BESTSELLER","text":"Best seller","type":"LABEL","id":"L1600","rank":1,"styleId":null}],"labels":[],"tags":[{"key":"PICKUP","text":"Pickup","id":"L1001","rank":null},{"key":"DELIVERY","text":"Delivery","id":"L1002","rank":null}],"groups":[]},"earlyAccessEvent":false,"eventAttributes":{"specialBuy":false,"priceFlip":false},"flag":"Best seller","classType":"REGULAR","fulfillmentBadges":["Pickup","Delivery"],"fulfillmentSpeed":null,"fulfillmentType":"STORE","id":"10309115","image":"https://i5.walmartimages.com/asr/6b591e27-3085-4779-a89a-3173ca8fe647.7413defde162fb88264727b86c8a3810.jpeg","isEarlyAccessItem":false,"isOutOfStock":false,"maxVisibleSwatchCount":4,"name":"Bob Evans Real Cheddar Macaroni \u0026 Cheese, 20 oz Tray (Refrigerated)","groupMetaData":null,"itemType":null,"pac":null,"offerId":"D9552E2C2D454936B9DC43080AD6E293","sellerId":"F55CDC31AB754BB68FE0B39041159D63","showSubscribe":false,"sellerName":null,"salesUnitType":"EACH","weightIncrement":1,"hasSellerBadge":null,"preOrder":{"streetDate":null,"streetDateDisplayable":null,"streetDateType":null,"isPreOrder":false,"preOrderMessage":null,"preOrderStreetDateMessage":null},"price":3.47,"priceInfo":{"linePrice":"$3.47","priceDisplayCondition":null,"unitPrice":"17.4 ¢/oz","wasPrice":"$4.12","priceRangeString":"","subscriptionString":"","savings":"SAVE $0.65","linePriceDisplay":"Now $3.47","eaPricingPreText":""},"usItemId":"10309115","variantList":[],"isVariantTypeSwatch":false,"type":"REGULAR","rating":{"averageRating":3.7,"numberOfReviews":299},"sponsoredProduct":null,"isSponsoredFlag":false,"brand":"Bob Evans","canonicalUrl":"/ip/Bob-Evans-Real-Cheddar-Macaroni-Cheese-20-oz-Tray-Refrigerated/10309115?athcpid=10309115\u0026athpgid=AthenaContentPage_7998220\u0026athcgid=null\u0026athznid=ItemCarousel_2d153eac-6031-4d14-8bf7-9be8cf8dcc30_items\u0026athieid=v0\u0026athstid=CS020\u0026athguid=NZweV7bKCjeEaERyHDHGZw0t96BAY2qGoaBn\u0026athancid=null\u0026athena=true\u0026athbdg=L1600"},{"canAddToCart":true,"showOptions":false,"badge":{"id":"L1600","text":"Best seller","key":"BESTSELLER","type":"LABEL","rank":1,"styleId":null},"badgeGroups":[],"badges":{"flags":[{"key":"BESTSELLER","text":"Best seller","type":"LABEL","id":"L1600","rank":1,"styleId":null}],"labels":[],"tags":[{"key":"PICKUP","text":"Pickup","id":"L1001","rank":null},{"key":"DELIVERY","text":"Delivery","id":"L1002","rank":null}],"groups":[]},"earlyAccessEvent":false,"eventAttributes":{"specialBuy":false,"priceFlip":false},"flag":"Best seller","classType":"REGULAR","fulfillmentBadges":["Pickup","Delivery"],"fulfillmentSpeed":null,"fulfillmentType":"STORE","id":"10309114","image":"https://i5.walmartimages.com/asr/e1d56888-35f5-48ad-911f-3991ad8f64a9.13213be29c1fb9e5dc859500ad9b9833.jpeg","isEarlyAccessItem":false,"isOutOfStock":false,"maxVisibleSwatchCount":4,"name":"Bob Evans Gluten-Free Original Mashed Potatoes Tray, 24 oz (Refrigerated)","groupMetaData":null,"itemType":null,"pac":null,"offerId":"0CD13776AEB94290B6B41CDA6E7A016F","sellerId":"F55CDC31AB754BB68FE0B39041159D63","showSubscribe":false,"sellerName":null,"salesUnitType":"EACH","weightIncrement":1,"hasSellerBadge":null,"preOrder":{"streetDate":null,"streetDateDisplayable":null,"streetDateType":null,"isPreOrder":false,"preOrderMessage":null,"preOrderStreetDateMessage":null},"price":3.47,"priceInfo":{"linePrice":"$3.47","priceDisplayCondition":null,"unitPrice":"14.5 ¢/oz","wasPrice":"$4.12","priceRangeString":"","subscriptionString":"","savings":"SAVE $0.65","linePriceDisplay":"Now $3.47","eaPricingPreText":""},"usItemId":"10309114","variantList":[],"isVariantTypeSwatch":false,"type":"REGULAR","rating":{"averageRating":4.2,"numberOfReviews":562},"sponsoredProduct":null,"isSponsoredFlag":false,"brand":"Bob Evans","canonicalUrl":"/ip/Bob-Evans-Gluten-Free-Original-Mashed-Potatoes-Tray-24-oz-Refrigerated/10309114?athcpid=10309114\u0026athpgid=AthenaContentPage_7998220\u0026athcgid=null\u0026athznid=ItemCarousel_2d153eac-6031-4d14-8bf7-9be8cf8dcc30_items\u0026athieid=v0\u0026athstid=CS020\u0026athguid=NZweV7bKCjeEaERyHDHGZw0t96BAY2qGoaBn\u0026athancid=null\u0026athena=true\u0026athbdg=L1600"},{"canAddToCart":true,"showOptions":false,"badge":{"id":"L1600","text":"Best seller","key":"BESTSELLER","type":"LABEL","rank":1,"styleId":null},"badgeGroups":[],"badges":{"flags":[{"key":"BESTSELLER","text":"Best seller","type":"LABEL","id":"L1600","rank":1,"styleId":null}],"labels":[],"tags":[{"key":"PICKUP","text":"Pickup","id":"L1001","rank":null},{"key":"DELIVERY","text":"Delivery","id":"L1002","rank":null}],"groups":[]},"earlyAccessEvent":false,"eventAttributes":{"specialBuy":false,"priceFlip":false},"flag":"Best seller","classType":"REGULAR","fulfillmentBadges":["Pickup","Delivery"],"fulfillmentSpeed":null,"fulfillmentType":"STORE","id":"10315304","image":"https://i5.walmartimages.com/asr/4202c46a-41f4-4e0e-bdf0-6a04f683763c.a84846b6318f05fafaa0fc6f492aba89.jpeg","isEarlyAccessItem":false,"isOutOfStock":false,"maxVisibleSwatchCount":4,"name":"Great Value Chicken-Flavored Stuffing Mix, 6 oz","groupMetaData":null,"itemType":null,"pac":null,"offerId":"65FB40076DD04C76BA6E02DAF805302F","sellerId":"F55CDC31AB754BB68FE0B39041159D63","showSubscribe":false,"sellerName":null,"salesUnitType":"EACH","weightIncrement":1,"hasSellerBadge":null,"preOrder":{"streetDate":null,"streetDateDisplayable":null,"streetDateType":null,"isPreOrder":false,"preOrderMessage":null,"preOrderStreetDateMessage":null},"price":0.98,"priceInfo":{"linePrice":"$0.98","priceDisplayCondition":null,"unitPrice":"16.3 ¢/oz","priceRangeString":"","subscriptionString":"","linePriceDisplay":"$0.98","eaPricingPreText":""},"usItemId":"10315304","variantList":[],"isVariantTypeSwatch":false,"type":"REGULAR","rating":{"averageRating":4.1,"numberOfReviews":195},"sponsoredProduct":null,"isSponsoredFlag":false,"brand":"Great Value","canonicalUrl":"/ip/Great-Value-Chicken-Flavored-Stuffing-Mix-6-oz/10315304?athcpid=10315304\u0026athpgid=AthenaContentPage_7998220\u0026athcgid=null\u0026athznid=ItemCarousel_2d153eac-6031-4d14-8bf7-9be8cf8dcc30_items\u0026athieid=v0\u0026athstid=CS020\u0026athguid=NZweV7bKCjeEaERyHDHGZw0t96BAY2qGoaBn\u0026athancid=null\u0026athena=true\u0026athbdg=L1600"},{"canAddToCart":true,"showOptions":false,"badge":null,"badgeGroups":[],"badges":{"flags":null,"labels":[],"tags":[{"key":"PICKUP","text":"Pickup","id":"L1001","rank":null},{"key":"DELIVERY","text":"Delivery","id":"L1002","rank":null}],"groups":[]},"earlyAccessEvent":false,"eventAttributes":{"specialBuy":false,"priceFlip":false},"flag":"","classType":"REGULAR","fulfillmentBadges":["Pickup","Delivery"],"fulfillmentSpeed":null,"fulfillmentType":"STORE","id":"909404576","image":"https://i5.walmartimages.com/asr/fed5652e-d9ae-4f09-a4e9-3e4d3a50fd1f.bd82a9582e19fbcaaa9dbad4411c8aac.jpeg","isEarlyAccessItem":false,"isOutOfStock":false,"maxVisibleSwatchCount":4,"name":"Birds Eye Oven Roasters Red Potatoes \u0026 Onions, Frozen, 14 oz (Frozen)","groupMetaData":null,"itemType":null,"pac":null,"offerId":"75050970516744D5AA323CBD9B421880","sellerId":"F55CDC31AB754BB68FE0B39041159D63","showSubscribe":false,"sellerName":null,"salesUnitType":"EACH","weightIncrement":1,"hasSellerBadge":null,"preOrder":{"streetDate":null,"streetDateDisplayable":null,"streetDateType":null,"isPreOrder":false,"preOrderMessage":null,"preOrderStreetDateMessage":null},"price":3.12,"priceInfo":{"linePrice":"$3.12","priceDisplayCondition":null,"unitPrice":"20.8 ¢/oz","priceRangeString":"","subscriptionString":"","linePriceDisplay":"$3.12","eaPricingPreText":""},"usItemId":"909404576","variantList":[],"isVariantTypeSwatch":false,"type":"REGULAR","rating":{"averageRating":3.2,"numberOfReviews":74},"sponsoredProduct":null,"isSponsoredFlag":false,"brand":"Birds Eye","canonicalUrl":"/ip/Birds-Eye-Oven-Roasters-Red-Potatoes-Onions-Frozen-14-oz-Frozen/909404576?athcpid=909404576\u0026athpgid=AthenaContentPage_7998220\u0026athcgid=null\u0026athznid=ItemCarousel_2d153eac-6031-4d14-8bf7-9be8cf8dcc30_items\u0026athieid=v0\u0026athstid=CS020\u0026athguid=NZweV7bKCjeEaERyHDHGZw0t96BAY2qGoaBn\u0026athancid=null\u0026athena=true"},{"canAddToCart":true,"showOptions":false,"badge":null,"badgeGroups":[],"badges":{"flags":null,"labels":[],"tags":[{"key":"PICKUP","text":"Pickup","id":"L1001","rank":null},{"key":"DELIVERY","text":"Delivery","id":"L1002","rank":null}],"groups":[]},"earlyAccessEvent":false,"eventAttributes":{"specialBuy":false,"priceFlip":false},"flag":"","classType":"REGULAR","fulfillmentBadges":["Pickup","Delivery"],"fulfillmentSpeed":null,"fulfillmentType":"STORE","id":"385515493","image":"https://i5.walmartimages.com/asr/cc8dbdb6-df35-46d5-85c2-c7e5b638b2c3.4927006393f0c6d76bd910ba4ee1b3b0.jpeg","isEarlyAccessItem":false,"isOutOfStock":false,"maxVisibleSwatchCount":4,"name":"Marketside Sunflower Bacon Crunch Chopped Salad Kit Family Size, 15.8 oz Bag, Fresh","groupMetaData":null,"itemType":null,"pac":null,"offerId":"0385CED11F274A6CAAA213314050FEB3","sellerId":"F55CDC31AB754BB68FE0B39041159D63","showSubscribe":false,"sellerName":null,"salesUnitType":"EACH","weightIncrement":1,"hasSellerBadge":null,"preOrder":{"streetDate":null,"streetDateDisplayable":null,"streetDateType":null,"isPreOrder":false,"preOrderMessage":null,"preOrderStreetDateMessage":null},"price":4.98,"priceInfo":{"linePrice":"$4.98","priceDisplayCondition":null,"unitPrice":"31.5 ¢/oz","priceRangeString":"","subscriptionString":"","linePriceDisplay":"$4.98","eaPricingPreText":""},"usItemId":"385515493","variantList":[],"isVariantTypeSwatch":false,"type":"REGULAR","rating":{"averageRating":0,"numberOfReviews":0},"sponsoredProduct":null,"isSponsoredFlag":false,"brand":"Marketside","canonicalUrl":"/ip/Marketside-Sunflower-Bacon-Crunch-Chopped-Salad-Kit-Family-Size-15-8-oz-Bag-Fresh/385515493?athcpid=385515493\u0026athpgid=AthenaContentPage_7998220\u0026athcgid=null\u0026athznid=ItemCarousel_2d153eac-6031-4d14-8bf7-9be8cf8dcc30_items\u0026athieid=v0\u0026athstid=CS020\u0026athguid=NZweV7bKCjeEaERyHDHGZw0t96BAY2qGoaBn\u0026athancid=null\u0026athena=true"},{"canAddToCart":true,"showOptions":false,"badge":{"id":"L1600","text":"Best seller","key":"BESTSELLER","type":"LABEL","rank":1,"styleId":null},"badgeGroups":[],"badges":{"flags":[{"key":"BESTSELLER","text":"Best seller","type":"LABEL","id":"L1600","rank":1,"styleId":null}],"labels":[],"tags":[{"key":"PICKUP","text":"Pickup","id":"L1001","rank":null},{"key":"DELIVERY","text":"Delivery","id":"L1002","rank":null}],"groups":[]},"earlyAccessEvent":false,"eventAttributes":{"specialBuy":false,"priceFlip":false},"flag":"Best seller","classType":"REGULAR","fulfillmentBadges":["Pickup","Delivery"],"fulfillmentSpeed":null,"fulfillmentType":"STORE","id":"14871850","image":"https://i5.walmartimages.com/asr/5e62f289-5466-4af9-b6c6-20907639ab08.90eabe49491b8f1992629607e6c0cdc2.jpeg","isEarlyAccessItem":false,"isOutOfStock":false,"maxVisibleSwatchCount":4,"name":"King's Hawaiian Original Hawaiian Sweet Dinner Rolls, 24 Count, 24 oz","groupMetaData":null,"itemType":null,"pac":null,"offerId":"6C89A09F5C854AE7B48EF9935E78E500","sellerId":"F55CDC31AB754BB68FE0B39041159D63","showSubscribe":false,"sellerName":null,"salesUnitType":"EACH","weightIncrement":1,"hasSellerBadge":null,"preOrder":{"streetDate":null,"streetDateDisplayable":null,"streetDateType":null,"isPreOrder":false,"preOrderMessage":null,"preOrderStreetDateMessage":null},"price":7.97,"priceInfo":{"linePrice":"$7.97","priceDisplayCondition":null,"unitPrice":"33.2 ¢/oz","priceRangeString":"","subscriptionString":"","linePriceDisplay":"$7.97","eaPricingPreText":""},"usItemId":"14871850","variantList":[],"isVariantTypeSwatch":false,"type":"REGULAR","rating":{"averageRating":4.2,"numberOfReviews":697},"sponsoredProduct":null,"isSponsoredFlag":false,"brand":"King's Hawaiian","canonicalUrl":"/ip/King-s-Hawaiian-Original-Hawaiian-Sweet-Dinner-Rolls-24-Count-24-oz/14871850?athcpid=14871850\u0026athpgid=AthenaContentPage_7998220\u0026athcgid=null\u0026athznid=ItemCarousel_2d153eac-6031-4d14-8bf7-9be8cf8dcc30_items\u0026athieid=v0\u0026athstid=CS020\u0026athguid=NZweV7bKCjeEaERyHDHGZw0t96BAY2qGoaBn\u0026athancid=null\u0026athena=true\u0026athbdg=L1600"},{"canAddToCart":true,"showOptions":false,"badge":null,"badgeGroups":[],"badges":{"flags":null,"labels":[],"tags":[{"key":"PICKUP","text":"Pickup","id":"L1001","rank":null},{"key":"DELIVERY","text":"Delivery","id":"L1002","rank":null}],"groups":[]},"earlyAccessEvent":false,"eventAttributes":{"specialBuy":false,"priceFlip":false},"flag":"","classType":"REGULAR","fulfillmentBadges":["Pickup","Delivery"],"fulfillmentSpeed":null,"fulfillmentType":"STORE","id":"817773702","image":"https://i5.walmartimages.com/asr/b248390d-42ee-4414-aab6-febc23c91f18.683b2e2f51387e2dfa3b9511a80648af.jpeg","isEarlyAccessItem":false,"isOutOfStock":false,"maxVisibleSwatchCount":4,"name":"Marketside Fresh Sweet Potato Cubes, 16 oz","groupMetaData":null,"itemType":null,"pac":null,"offerId":"1E2BBF7E7117448DA9D33BF8BD5968CC","sellerId":"F55CDC31AB754BB68FE0B39041159D63","showSubscribe":false,"sellerName":null,"salesUnitType":"EACH","weightIncrement":1,"hasSellerBadge":null,"preOrder":{"streetDate":null,"streetDateDisplayable":null,"streetDateType":null,"isPreOrder":false,"preOrderMessage":null,"preOrderStreetDateMessage":null},"price":3.28,"priceInfo":{"linePrice":"$3.28","priceDisplayCondition":null,"unitPrice":"20.5 ¢/oz","priceRangeString":"","subscriptionString":"","linePriceDisplay":"$3.28","eaPricingPreText":""},"usItemId":"817773702","variantList":[],"isVariantTypeSwatch":false,"type":"REGULAR","rating":{"averageRating":1.6,"numberOfReviews":140},"sponsoredProduct":null,"isSponsoredFlag":false,"brand":"Marketside","canonicalUrl":"/ip/Marketside-Fresh-Sweet-Potato-Cubes-16-oz/817773702?athcpid=817773702\u0026athpgid=AthenaContentPage_7998220\u0026athcgid=null\u0026athznid=ItemCarousel_2d153eac-6031-4d14-8bf7-9be8cf8dcc30_items\u0026athieid=v0\u0026athstid=CS020\u0026athguid=NZweV7bKCjeEaERyHDHGZw0t96BAY2qGoaBn\u0026athancid=null\u0026athena=true"},{"canAddToCart":true,"showOptions":false,"badge":null,"badgeGroups":[],"badges":{"flags":null,"labels":[],"tags":[{"key":"PICKUP","text":"Pickup","id":"L1001","rank":null},{"key":"DELIVERY","text":"Delivery","id":"L1002","rank":null}],"groups":[]},"earlyAccessEvent":false,"eventAttributes":{"specialBuy":false,"priceFlip":false},"flag":"","classType":"REGULAR","fulfillmentBadges":["Pickup","Delivery"],"fulfillmentSpeed":null,"fulfillmentType":"STORE","id":"1910513551","image":"https://i5.walmartimages.com/asr/e8c6109d-05ab-420f-aaa7-50e032014692.dc7a4233836734de9d42ef89542e705e.jpeg","isEarlyAccessItem":false,"isOutOfStock":false,"maxVisibleSwatchCount":4,"name":"Marketside Packaged Mashed Potatoes Tray, 24oz (Refrigerated)","groupMetaData":null,"itemType":null,"pac":null,"offerId":"DCFA09928896471F9D6B459B37EDA60A","sellerId":"F55CDC31AB754BB68FE0B39041159D63","showSubscribe":false,"sellerName":null,"salesUnitType":"EACH","weightIncrement":1,"hasSellerBadge":null,"preOrder":{"streetDate":null,"streetDateDisplayable":null,"streetDateType":null,"isPreOrder":false,"preOrderMessage":null,"preOrderStreetDateMessage":null},"price":2.97,"priceInfo":{"linePrice":"$2.97","priceDisplayCondition":null,"unitPrice":"12.4 ¢/oz","priceRangeString":"","subscriptionString":"","linePriceDisplay":"$2.97","eaPricingPreText":""},"usItemId":"1910513551","variantList":[],"isVariantTypeSwatch":false,"type":"REGULAR","rating":{"averageRating":2.8,"numberOfReviews":40},"sponsoredProduct":null,"isSponsoredFlag":false,"brand":"Marketside","canonicalUrl":"/ip/Marketside-Packaged-Mashed-Potatoes-Tray-24oz-Refrigerated/1910513551?athcpid=1910513551\u0026athpgid=AthenaContentPage_7998220\u0026athcgid=null\u0026athznid=ItemCarousel_2d153eac-6031-4d14-8bf7-9be8cf8dcc30_items\u0026athieid=v0\u0026athstid=CS020\u0026athguid=NZweV7bKCjeEaERyHDHGZw0t96BAY2qGoaBn\u0026athancid=null\u0026athena=true"},{"canAddToCart":true,"showOptions":false,"badge":null,"badgeGroups":[],"badges":{"flags":null,"labels":[],"tags":[{"key":"PICKUP","text":"Pickup","id":"L1001","rank":null},{"key":"DELIVERY","text":"Delivery","id":"L1002","rank":null}],"groups":[]},"earlyAccessEvent":false,"eventAttributes":{"specialBuy":false,"priceFlip":false},"flag":"","classType":"REGULAR","fulfillmentBadges":["Pickup","Delivery"],"fulfillmentSpeed":null,"fulfillmentType":"STORE","id":"259683648","image":"https://i5.walmartimages.com/asr/b33f69ec-0dd2-4d30-b62f-e2cf12d063b8.445e1bf2178c5707632e73e085c40da3.jpeg","isEarlyAccessItem":false,"isOutOfStock":false,"maxVisibleSwatchCount":4,"name":"Great Value Frozen Corn on the Cob, Microwaveable, 6 Ct","groupMetaData":null,"itemType":null,"pac":null,"offerId":"A9C56060A6284A0F9EF28D8737926BF3","sellerId":"F55CDC31AB754BB68FE0B39041159D63","showSubscribe":false,"sellerName":null,"salesUnitType":"EACH","weightIncrement":1,"hasSellerBadge":null,"preOrder":{"streetDate":null,"streetDateDisplayable":null,"streetDateType":null,"isPreOrder":false,"preOrderMessage":null,"preOrderStreetDateMessage":null},"price":2.12,"priceInfo":{"linePrice":"$2.12","priceDisplayCondition":null,"unitPrice":"35.3 ¢/ea","priceRangeString":"","subscriptionString":"","linePriceDisplay":"$2.12","eaPricingPreText":""},"usItemId":"259683648","variantList":[],"isVariantTypeSwatch":false,"type":"REGULAR","rating":{"averageRating":2.6,"numberOfReviews":182},"sponsoredProduct":null,"isSponsoredFlag":false,"brand":"Great Value","canonicalUrl":"/ip/Great-Value-Frozen-Corn-on-the-Cob-Microwaveable-6-Ct/259683648?athcpid=259683648\u0026athpgid=AthenaContentPage_7998220\u0026athcgid=null\u0026athznid=ItemCarousel_2d153eac-6031-4d14-8bf7-9be8cf8dcc30_items\u0026athieid=v0\u0026athstid=CS020\u0026athguid=NZweV7bKCjeEaERyHDHGZw0t96BAY2qGoaBn\u0026athancid=null\u0026athena=true"},{"canAddToCart":true,"showOptions":false,"badge":null,"badgeGroups":[],"badges":{"flags":null,"labels":[],"tags":[{"key":"PICKUP","text":"Pickup","id":"L1001","rank":null},{"key":"DELIVERY","text":"Delivery","id":"L1002","rank":null}],"groups":[]},"earlyAccessEvent":false,"eventAttributes":{"specialBuy":false,"priceFlip":false},"flag":"","classType":"REGULAR","fulfillmentBadges":["Pickup","Delivery"],"fulfillmentSpeed":null,"fulfillmentType":"STORE","id":"1818139466","image":"https://i5.walmartimages.com/asr/331bd2d7-a0af-45e5-8a44-3fc5c909aae1.9af293febcf3c4137720b94c0c3d7829.jpeg","isEarlyAccessItem":false,"isOutOfStock":false,"maxVisibleSwatchCount":4,"name":"Green Giant Restaurant Style Mixed Vegetables, with Asparagus, Roasted Red Potatoes \u0026 Onions, 10.5 oz (Frozen)","groupMetaData":null,"itemType":null,"pac":null,"offerId":"6526F798F7814D3DAE10522BC5256AEB","sellerId":"F55CDC31AB754BB68FE0B39041159D63","showSubscribe":false,"sellerName":null,"salesUnitType":"EACH","weightIncrement":1,"hasSellerBadge":null,"preOrder":{"streetDate":null,"streetDateDisplayable":null,"streetDateType":null,"isPreOrder":false,"preOrderMessage":null,"preOrderStreetDateMessage":null},"price":3.87,"priceInfo":{"linePrice":"$3.87","priceDisplayCondition":null,"unitPrice":"36.9 ¢/oz","priceRangeString":"","subscriptionString":"","linePriceDisplay":"$3.87","eaPricingPreText":""},"usItemId":"1818139466","variantList":[],"isVariantTypeSwatch":false,"type":"REGULAR","rating":{"averageRating":2.2,"numberOfReviews":9},"sponsoredProduct":null,"isSponsoredFlag":false,"brand":"Green Giant","canonicalUrl":"/ip/Green-Giant-Restaurant-Style-Mixed-Vegetables-with-Asparagus-Roasted-Red-Potatoes-Onions-10-5-oz-Frozen/1818139466?athcpid=1818139466\u0026athpgid=AthenaContentPage_7998220\u0026athcgid=null\u0026athznid=ItemCarousel_2d153eac-6031-4d14-8bf7-9be8cf8dcc30_items\u0026athieid=v0\u0026athstid=CS020\u0026athguid=NZweV7bKCjeEaERyHDHGZw0t96BAY2qGoaBn\u0026athancid=null\u0026athena=true"},{"canAddToCart":true,"showOptions":false,"badge":null,"badgeGroups":[],"badges":{"flags":null,"labels":[],"tags":[{"key":"PICKUP","text":"Pickup","id":"L1001","rank":null},{"key":"DELIVERY","text":"Delivery","id":"L1002","rank":null}],"groups":[]},"earlyAccessEvent":false,"eventAttributes":{"specialBuy":false,"priceFlip":false},"flag":"","classType":"REGULAR","fulfillmentBadges":["Pickup","Delivery"],"fulfillmentSpeed":null,"fulfillmentType":"STORE","id":"1514293808","image":"https://i5.walmartimages.com/asr/0f735708-c32e-44bc-9a58-cdcfc509d593.08bc96819d53b60bfe3c6e8fad8d7c39.jpeg","isEarlyAccessItem":false,"isOutOfStock":false,"maxVisibleSwatchCount":4,"name":"Birds Eye Fire Roasted Brussels Sprouts, Frozen Vegetables, 12 oz.","groupMetaData":null,"itemType":null,"pac":null,"offerId":"44190CD3DEF6431A89BFB4AB4C9DE442","sellerId":"F55CDC31AB754BB68FE0B39041159D63","showSubscribe":false,"sellerName":null,"salesUnitType":"EACH","weightIncrement":1,"hasSellerBadge":null,"preOrder":{"streetDate":null,"streetDateDisplayable":null,"streetDateType":null,"isPreOrder":false,"preOrderMessage":null,"preOrderStreetDateMessage":null},"price":3.97,"priceInfo":{"linePrice":"$3.97","priceDisplayCondition":null,"unitPrice":"33.1 ¢/oz","priceRangeString":"","subscriptionString":"","linePriceDisplay":"$3.97","eaPricingPreText":""},"usItemId":"1514293808","variantList":[],"isVariantTypeSwatch":false,"type":"REGULAR","rating":{"averageRating":4.5,"numberOfReviews":26},"sponsoredProduct":null,"isSponsoredFlag":false,"brand":"Birds Eye","canonicalUrl":"/ip/Birds-Eye-Fire-Roasted-Brussels-Sprouts-Frozen-Vegetables-12-oz/1514293808?athcpid=1514293808\u0026athpgid=AthenaContentPage_7998220\u0026athcgid=null\u0026athznid=ItemCarousel_2d153eac-6031-4d14-8bf7-9be8cf8dcc30_items\u0026athieid=v0\u0026athstid=CS020\u0026athguid=NZweV7bKCjeEaERyHDHGZw0t96BAY2qGoaBn\u0026athancid=null\u0026athena=true"},{"canAddToCart":true,"showOptions":false,"badge":null,"badgeGroups":[],"badges":{"flags":null,"labels":[],"tags":[{"key":"PICKUP","text":"Pickup","id":"L1001","rank":null},{"key":"DELIVERY","text":"Delivery","id":"L1002","rank":null}],"groups":[]},"earlyAccessEvent":false,"eventAttributes":{"specialBuy":false,"priceFlip":false},"flag":"","classType":"REGULAR","fulfillmentBadges":["Pickup","Delivery"],"fulfillmentSpeed":null,"fulfillmentType":"STORE","id":"1820059583","image":"https://i5.walmartimages.com/asr/11b793f8-5bd3-49ae-8009-12bdd9584d97.421faef0a772c5e52a1be01e5829f1bc.jpeg","isEarlyAccessItem":false,"isOutOfStock":false,"maxVisibleSwatchCount":4,"name":"Marketside Classic Macaroni and Cheese, 20 oz (Refrigerated)","groupMetaData":null,"itemType":null,"pac":null,"offerId":"23F1976CE3BE4F37986C34F56D8755DB","sellerId":"F55CDC31AB754BB68FE0B39041159D63","showSubscribe":false,"sellerName":null,"salesUnitType":"EACH","weightIncrement":1,"hasSellerBadge":null,"preOrder":{"streetDate":null,"streetDateDisplayable":null,"streetDateType":null,"isPreOrder":false,"preOrderMessage":null,"preOrderStreetDateMessage":null},"price":2.97,"priceInfo":{"linePrice":"$2.97","priceDisplayCondition":null,"unitPrice":"14.9 ¢/oz","priceRangeString":"","subscriptionString":"","linePriceDisplay":"$2.97","eaPricingPreText":""},"usItemId":"1820059583","variantList":[],"isVariantTypeSwatch":false,"type":"REGULAR","rating":{"averageRating":4.4,"numberOfReviews":26},"sponsoredProduct":null,"isSponsoredFlag":false,"brand":"Marketside","canonicalUrl":"/ip/Marketside-Classic-Macaroni-and-Cheese-20-oz-Refrigerated/1820059583?athcpid=1820059583\u0026athpgid=AthenaContentPage_7998220\u0026athcgid=null\u0026athznid=ItemCarousel_2d153eac-6031-4d14-8bf7-9be8cf8dcc30_items\u0026athieid=v0\u0026athstid=CS020\u0026athguid=NZweV7bKCjeEaERyHDHGZw0t96BAY2qGoaBn\u0026athancid=null\u0026athena=true"},{"canAddToCart":true,"showOptions":false,"badge":{"id":"L1600","text":"Best seller","key":"BESTSELLER","type":"LABEL","rank":1,"styleId":null},"badgeGroups":[],"badges":{"flags":[{"key":"BESTSELLER","text":"Best seller","type":"LABEL","id":"L1600","rank":1,"styleId":null}],"labels":[],"tags":[{"key":"PICKUP","text":"Pickup","id":"L1001","rank":null},{"key":"DELIVERY","text":"Delivery","id":"L1002","rank":null}],"groups":[]},"earlyAccessEvent":false,"eventAttributes":{"specialBuy":false,"priceFlip":false},"flag":"Best seller","classType":"REGULAR","fulfillmentBadges":["Pickup","Delivery"],"fulfillmentSpeed":null,"fulfillmentType":"STORE","id":"24414091","image":"https://i5.walmartimages.com/asr/a05b316d-3144-4673-bdb2-8006e17fd6e9.1a4284b96657828fca081b3e703505c0.jpeg","isEarlyAccessItem":false,"isOutOfStock":false,"maxVisibleSwatchCount":4,"name":"Pillsbury Crescent Rolls, Original Refrigerated Canned Pastry Dough, 2-Pack, 16 Rolls","groupMetaData":null,"itemType":null,"pac":null,"offerId":"64578A44B6884BFEB52342776BC9F480","sellerId":"F55CDC31AB754BB68FE0B39041159D63","showSubscribe":false,"sellerName":null,"salesUnitType":"EACH","weightIncrement":1,"hasSellerBadge":null,"preOrder":{"streetDate":null,"streetDateDisplayable":null,"streetDateType":null,"isPreOrder":false,"preOrderMessage":null,"preOrderStreetDateMessage":null},"price":5.68,"priceInfo":{"linePrice":"$5.68","priceDisplayCondition":null,"unitPrice":"35.5 ¢/oz","priceRangeString":"","subscriptionString":"","linePriceDisplay":"$5.68","eaPricingPreText":""},"usItemId":"24414091","variantList":[],"isVariantTypeSwatch":false,"type":"REGULAR","rating":{"averageRating":4.8,"numberOfReviews":3425},"sponsoredProduct":null,"isSponsoredFlag":false,"brand":"Pillsbury","canonicalUrl":"/ip/Pillsbury-Crescent-Rolls-Original-Refrigerated-Canned-Pastry-Dough-2-Pack-16-Rolls/24414091?athcpid=24414091\u0026athpgid=AthenaContentPage_7998220\u0026athcgid=null\u0026athznid=ItemCarousel_2d153eac-6031-4d14-8bf7-9be8cf8dcc30_items\u0026athieid=v0\u0026athstid=CS020\u0026athguid=NZweV7bKCjeEaERyHDHGZw0t96BAY2qGoaBn\u0026athancid=null\u0026athena=true\u0026athbdg=L1600"},{"canAddToCart":true,"showOptions":false,"badge":null,"badgeGroups":[],"badges":{"flags":null,"labels":[],"tags":[{"key":"PICKUP","text":"Pickup","id":"L1001","rank":null},{"key":"DELIVERY","text":"Delivery","id":"L1002","rank":null}],"groups":[]},"earlyAccessEvent":false,"eventAttributes":{"specialBuy":false,"priceFlip":false},"flag":"","classType":"REGULAR","fulfillmentBadges":["Pickup","Delivery"],"fulfillmentSpeed":null,"fulfillmentType":"STORE","id":"19400285","image":"https://i5.walmartimages.com/asr/97d13162-03f0-4fbb-b8c7-053ae64970ae_3.f3d6672dbe8c9e89d658d9ce6d2b19d4.jpeg","isEarlyAccessItem":false,"isOutOfStock":false,"maxVisibleSwatchCount":4,"name":"Marketside Premium Romaine Salad Blend, 18 oz Bag, Fresh","groupMetaData":null,"itemType":null,"pac":null,"offerId":"46B306810DBB4713A609BB52771B9DB8","sellerId":"F55CDC31AB754BB68FE0B39041159D63","showSubscribe":false,"sellerName":null,"salesUnitType":"EACH","weightIncrement":1,"hasSellerBadge":null,"preOrder":{"streetDate":null,"streetDateDisplayable":null,"streetDateType":null,"isPreOrder":false,"preOrderMessage":null,"preOrderStreetDateMessage":null},"price":4.98,"priceInfo":{"linePrice":"$4.98","priceDisplayCondition":null,"unitPrice":"27.7 ¢/oz","priceRangeString":"","subscriptionString":"","linePriceDisplay":"$4.98","eaPricingPreText":""},"usItemId":"19400285","variantList":[],"isVariantTypeSwatch":false,"type":"REGULAR","rating":{"averageRating":0,"numberOfReviews":0},"sponsoredProduct":null,"isSponsoredFlag":false,"brand":"Marketside","canonicalUrl":"/ip/Marketside-Premium-Romaine-Salad-Blend-18-oz-Bag-Fresh/19400285?athcpid=19400285\u0026athpgid=AthenaContentPage_7998220\u0026athcgid=null\u0026athznid=ItemCarousel_2d153eac-6031-4d14-8bf7-9be8cf8dcc30_items\u0026athieid=v0\u0026athstid=CS020\u0026athguid=NZweV7bKCjeEaERyHDHGZw0t96BAY2qGoaBn\u0026athancid=null\u0026athena=true"},{"canAddToCart":true,"showOptions":false,"badge":null,"badgeGroups":[],"badges":{"flags":null,"labels":[],"tags":[{"key":"PICKUP","text":"Pickup","id":"L1001","rank":null},{"key":"DELIVERY","text":"Delivery","id":"L1002","rank":null}],"groups":[]},"earlyAccessEvent":false,"eventAttributes":{"specialBuy":false,"priceFlip":false},"flag":"","classType":"REGULAR","fulfillmentBadges":["Pickup","Delivery"],"fulfillmentSpeed":null,"fulfillmentType":"STORE","id":"21125867","image":"https://i5.walmartimages.com/asr/bc6ca993-c03b-4d1a-a735-b068bf38c417.77a9c2e82163e4ee978fe8c4a1bd8e93.jpeg","isEarlyAccessItem":false,"isOutOfStock":false,"maxVisibleSwatchCount":4,"name":"Betty Crocker Au Gratin Potatoes, Made with Real Cheese, Twin Pack, 8.8 oz.","groupMetaData":null,"itemType":null,"pac":null,"offerId":"D15F434A893B4E419B27DF7834B66A71","sellerId":"F55CDC31AB754BB68FE0B39041159D63","showSubscribe":false,"sellerName":null,"salesUnitType":"EACH","weightIncrement":1,"hasSellerBadge":null,"preOrder":{"streetDate":null,"streetDateDisplayable":null,"streetDateType":null,"isPreOrder":false,"preOrderMessage":null,"preOrderStreetDateMessage":null},"price":3.28,"priceInfo":{"linePrice":"$3.28","priceDisplayCondition":null,"unitPrice":"37.3 ¢/oz","priceRangeString":"","subscriptionString":"","linePriceDisplay":"$3.28","eaPricingPreText":""},"usItemId":"21125867","variantList":[],"isVariantTypeSwatch":false,"type":"REGULAR","rating":{"averageRating":4.6,"numberOfReviews":648},"sponsoredProduct":null,"isSponsoredFlag":false,"brand":"Betty Crocker","canonicalUrl":"/ip/Betty-Crocker-Au-Gratin-Potatoes-Made-with-Real-Cheese-Twin-Pack-8-8-oz/21125867?athcpid=21125867\u0026athpgid=AthenaContentPage_7998220\u0026athcgid=null\u0026athznid=ItemCarousel_2d153eac-6031-4d14-8bf7-9be8cf8dcc30_items\u0026athieid=v0\u0026athstid=CS020\u0026athguid=NZweV7bKCjeEaERyHDHGZw0t96BAY2qGoaBn\u0026athancid=null\u0026athena=true"},{"canAddToCart":true,"showOptions":false,"badge":null,"badgeGroups":[],"badges":{"flags":null,"labels":[],"tags":[{"key":"PICKUP","text":"Pickup","id":"L1001","rank":null},{"key":"DELIVERY","text":"Delivery","id":"L1002","rank":null}],"groups":[]},"earlyAccessEvent":false,"eventAttributes":{"specialBuy":false,"priceFlip":false},"flag":"","classType":"REGULAR","fulfillmentBadges":["Pickup","Delivery"],"fulfillmentSpeed":null,"fulfillmentType":"STORE","id":"480571373","image":"https://i5.walmartimages.com/asr/d9a02ef5-edbe-4a26-929b-c9bc113b8a2a.56fd46115d13accc731b5a6d3916e7ed.jpeg","isEarlyAccessItem":false,"isOutOfStock":false,"maxVisibleSwatchCount":4,"name":"Birds Eye Oven Roasters Brussels Sprouts \u0026 Carrots, 14 oz (Frozen)","groupMetaData":null,"itemType":null,"pac":null,"offerId":"4FB92E8F0CB441FC9B45A73E60A9AE9A","sellerId":"F55CDC31AB754BB68FE0B39041159D63","showSubscribe":false,"sellerName":null,"salesUnitType":"EACH","weightIncrement":1,"hasSellerBadge":null,"preOrder":{"streetDate":null,"streetDateDisplayable":null,"streetDateType":null,"isPreOrder":false,"preOrderMessage":null,"preOrderStreetDateMessage":null},"price":3.12,"priceInfo":{"linePrice":"$3.12","priceDisplayCondition":null,"unitPrice":"20.8 ¢/oz","priceRangeString":"","subscriptionString":"","linePriceDisplay":"$3.12","eaPricingPreText":""},"usItemId":"480571373","variantList":[],"isVariantTypeSwatch":false,"type":"REGULAR","rating":{"averageRating":2.9,"numberOfReviews":60},"sponsoredProduct":null,"isSponsoredFlag":false,"brand":"Birds Eye","canonicalUrl":"/ip/Birds-Eye-Oven-Roasters-Brussels-Sprouts-Carrots-14-oz-Frozen/480571373?athcpid=480571373\u0026athpgid=AthenaContentPage_7998220\u0026athcgid=null\u0026athznid=ItemCarousel_2d153eac-6031-4d14-8bf7-9be8cf8dcc30_items\u0026athieid=v0\u0026athstid=CS020\u0026athguid=NZweV7bKCjeEaERyHDHGZw0t96BAY2qGoaBn\u0026athancid=null\u0026athena=true"}]}},"publishedDate":1700689426077,"moduleId":"2d153eac-6031-4d14-8bf7-9be8cf8dcc30","module_id":"2d153eac-6031-4d14-8bf7-9be8cf8dcc30","matchedTrigger":{"pageType":"ContentPage","pageId":"7998220","zone":"contentZone8","inheritable":false}},{"name":"Item Carousel - Party Picks - Holiday Meals - 11.22.23","type":"ItemCarousel","version":5,"status":"published","schedule":{"start":null,"end":null,"priority":19,"expEnabled":false},"triggers":[{"pageType":"ContentPage","pageId":"7998220","zone":"contentZone5","inheritable":false}],"configs":{"__typename":"TempoWM_GLASSWWWItemCarouselConfigsV1","type":null,"title":"Top party picks","subTitle":null,"viewAllLink":{"linkText":"View all","title":"View all","clickThrough":{"type":"url","value":"https://www.walmart.com/browse/food/holiday-party-food/976759_1567409_7998220_1480796?povid=976759_ItemCarousel_7998220_PartyPicks_111423"}},"spBeaconInfo":null,"tileOptions":null,"productsConfig":{"products":[{"canAddToCart":true,"showOptions":false,"badge":{"id":"L1600","text":"Best seller","key":"BESTSELLER","type":"LABEL","rank":1,"styleId":null},"badgeGroups":[],"badges":{"flags":[{"key":"BESTSELLER","text":"Best seller","type":"LABEL","id":"L1600","rank":1,"styleId":null}],"labels":[],"tags":[{"key":"PICKUP","text":"Pickup","id":"L1001","rank":null},{"key":"DELIVERY","text":"Delivery","id":"L1002","rank":null}],"groups":[]},"earlyAccessEvent":false,"eventAttributes":{"specialBuy":false,"priceFlip":false},"flag":"Best seller","classType":"REGULAR","fulfillmentBadges":["Pickup","Delivery"],"fulfillmentSpeed":null,"fulfillmentType":"STORE","id":"21289068","image":"https://i5.walmartimages.com/asr/fc50b3df-0422-4cdd-9e09-a9627b4b57ac.850f0b255414551722e35798ba0347a7.jpeg","isEarlyAccessItem":false,"isOutOfStock":false,"maxVisibleSwatchCount":4,"name":"HORMEL GATHERINGS, Hard Salami and Pepperoni with Cheese and Crackers,  28oz Deli Party Tray","groupMetaData":null,"itemType":null,"pac":null,"offerId":"6CBF5476FD1B425D841B36A60EBF2AB5","sellerId":"F55CDC31AB754BB68FE0B39041159D63","showSubscribe":false,"sellerName":null,"salesUnitType":"EACH","weightIncrement":1,"hasSellerBadge":null,"preOrder":{"streetDate":null,"streetDateDisplayable":null,"streetDateType":null,"isPreOrder":false,"preOrderMessage":null,"preOrderStreetDateMessage":null},"price":13.98,"priceInfo":{"linePrice":"$13.98","priceDisplayCondition":null,"unitPrice":"49.9 ¢/oz","priceRangeString":"","subscriptionString":"","linePriceDisplay":"$13.98","eaPricingPreText":""},"usItemId":"21289068","variantList":[],"isVariantTypeSwatch":false,"type":"REGULAR","rating":{"averageRating":4,"numberOfReviews":446},"sponsoredProduct":null,"isSponsoredFlag":false,"brand":"Hormel","canonicalUrl":"/ip/HORMEL-GATHERINGS-Hard-Salami-and-Pepperoni-with-Cheese-and-Crackers-28oz-Deli-Party-Tray/21289068?athcpid=21289068\u0026athpgid=AthenaContentPage_7998220\u0026athcgid=null\u0026athznid=ItemCarousel_ca2e4a13-4f67-49b2-8fff-eb1dc268f47b_items\u0026athieid=v0\u0026athstid=CS020\u0026athguid=NZweV7bKCjeEaERyHDHGZw0t96BAY2qGoaBn\u0026athancid=null\u0026athena=true\u0026athbdg=L1600"},{"canAddToCart":true,"showOptions":false,"badge":null,"badgeGroups":[],"badges":{"flags":null,"labels":[],"tags":[{"key":"PICKUP","text":"Pickup","id":"L1001","rank":null},{"key":"DELIVERY","text":"Delivery","id":"L1002","rank":null}],"groups":[]},"earlyAccessEvent":false,"eventAttributes":{"specialBuy":false,"priceFlip":false},"flag":"","classType":"REGULAR","fulfillmentBadges":["Pickup","Delivery"],"fulfillmentSpeed":null,"fulfillmentType":"STORE","id":"949906404","image":"https://i5.walmartimages.com/asr/7bef0524-56f9-4934-ae09-b6d95fe1c66c.6c9aa541ce9a37baa17cc4a1b0c89b46.jpeg","isEarlyAccessItem":false,"isOutOfStock":false,"maxVisibleSwatchCount":4,"name":"Sam's Choice Cooked Medium Shrimp Cocktail Ring with Sauce, 16 oz","groupMetaData":null,"itemType":null,"pac":null,"offerId":"B0E6B0CE85024C37A1C24C5087D6A9B4","sellerId":"F55CDC31AB754BB68FE0B39041159D63","showSubscribe":false,"sellerName":null,"salesUnitType":"EACH","weightIncrement":1,"hasSellerBadge":null,"preOrder":{"streetDate":null,"streetDateDisplayable":null,"streetDateType":null,"isPreOrder":false,"preOrderMessage":null,"preOrderStreetDateMessage":null},"price":8.98,"priceInfo":{"linePrice":"$8.98","priceDisplayCondition":null,"unitPrice":"56.1 ¢/oz","priceRangeString":"","subscriptionString":"","linePriceDisplay":"$8.98","eaPricingPreText":""},"usItemId":"949906404","variantList":[],"isVariantTypeSwatch":false,"type":"REGULAR","rating":{"averageRating":0,"numberOfReviews":0},"sponsoredProduct":null,"isSponsoredFlag":false,"brand":"Sam's Choice","canonicalUrl":"/ip/Sam-s-Choice-Cooked-Medium-Shrimp-Cocktail-Ring-with-Sauce-16-oz/949906404?athcpid=949906404\u0026athpgid=AthenaContentPage_7998220\u0026athcgid=null\u0026athznid=ItemCarousel_ca2e4a13-4f67-49b2-8fff-eb1dc268f47b_items\u0026athieid=v0\u0026athstid=CS020\u0026athguid=NZweV7bKCjeEaERyHDHGZw0t96BAY2qGoaBn\u0026athancid=null\u0026athena=true"},{"canAddToCart":true,"showOptions":false,"badge":{"id":"L1600","text":"Best seller","key":"BESTSELLER","type":"LABEL","rank":1,"styleId":null},"badgeGroups":[],"badges":{"flags":[{"key":"BESTSELLER","text":"Best seller","type":"LABEL","id":"L1600","rank":1,"styleId":null}],"labels":[],"tags":[{"key":"PICKUP","text":"Pickup","id":"L1001","rank":null},{"key":"DELIVERY","text":"Delivery","id":"L1002","rank":null}],"groups":[]},"earlyAccessEvent":false,"eventAttributes":{"specialBuy":false,"priceFlip":false},"flag":"Best seller","classType":"REGULAR","fulfillmentBadges":["Pickup","Delivery"],"fulfillmentSpeed":null,"fulfillmentType":"STORE","id":"412233306","image":"https://i5.walmartimages.com/asr/c3020cb7-6461-448c-87c6-360a13042b07.75bebdf18e3679dce256ac74753e92c0.jpeg","isEarlyAccessItem":false,"isOutOfStock":false,"maxVisibleSwatchCount":4,"name":"Winemakers Selection Brut Classic Series Spain Sparkling Wine , 750 ml Glass, ABV 11.00%","groupMetaData":null,"itemType":null,"pac":null,"offerId":"FD2441D2E6A540C784E277EA3315850A","sellerId":"F55CDC31AB754BB68FE0B39041159D63","showSubscribe":false,"sellerName":null,"salesUnitType":"EACH","weightIncrement":1,"hasSellerBadge":null,"preOrder":{"streetDate":null,"streetDateDisplayable":null,"streetDateType":null,"isPreOrder":false,"preOrderMessage":null,"preOrderStreetDateMessage":null},"price":4.96,"priceInfo":{"linePrice":"$4.96","priceDisplayCondition":null,"unitPrice":"19.6 ¢/fl oz","priceRangeString":"","subscriptionString":"","linePriceDisplay":"$4.96","eaPricingPreText":""},"usItemId":"412233306","variantList":[],"isVariantTypeSwatch":false,"type":"REGULAR","rating":{"averageRating":4.5,"numberOfReviews":12},"sponsoredProduct":null,"isSponsoredFlag":false,"brand":"Winemakers Selection","canonicalUrl":"/ip/Winemakers-Selection-Brut-Classic-Series-Spain-Sparkling-Wine-750-ml-Glass-ABV-11-00/412233306?athcpid=412233306\u0026athpgid=AthenaContentPage_7998220\u0026athcgid=null\u0026athznid=ItemCarousel_ca2e4a13-4f67-49b2-8fff-eb1dc268f47b_items\u0026athieid=v0\u0026athstid=CS020\u0026athguid=NZweV7bKCjeEaERyHDHGZw0t96BAY2qGoaBn\u0026athancid=null\u0026athena=true\u0026athbdg=L1600"},{"canAddToCart":true,"showOptions":false,"badge":{"id":"L1600","text":"Best seller","key":"BESTSELLER","type":"LABEL","rank":1,"styleId":null},"badgeGroups":[],"badges":{"flags":[{"key":"BESTSELLER","text":"Best seller","type":"LABEL","id":"L1600","rank":1,"styleId":null}],"labels":[],"tags":[{"key":"PICKUP","text":"Pickup","id":"L1001","rank":null},{"key":"DELIVERY","text":"Delivery","id":"L1002","rank":null}],"groups":[]},"earlyAccessEvent":false,"eventAttributes":{"specialBuy":false,"priceFlip":false},"flag":"Best seller","classType":"REGULAR","fulfillmentBadges":["Pickup","Delivery"],"fulfillmentSpeed":null,"fulfillmentType":"STORE","id":"122347458","image":"https://i5.walmartimages.com/asr/1f05f8b1-1078-4a56-a910-a63f82a01e85_1.7821bc09b28c532952352a9563ff5228.jpeg","isEarlyAccessItem":false,"isOutOfStock":false,"maxVisibleSwatchCount":4,"name":"La Marca Prosecco Sparkling Wine, 750ml Glass Bottle, Product of Italy","groupMetaData":null,"itemType":null,"pac":null,"offerId":"5C04195C4C2E40B2A909876B41B6433E","sellerId":"F55CDC31AB754BB68FE0B39041159D63","showSubscribe":false,"sellerName":null,"salesUnitType":"EACH","weightIncrement":1,"hasSellerBadge":null,"preOrder":{"streetDate":null,"streetDateDisplayable":null,"streetDateType":null,"isPreOrder":false,"preOrderMessage":null,"preOrderStreetDateMessage":null},"price":14.98,"priceInfo":{"linePrice":"$14.98","priceDisplayCondition":null,"unitPrice":"59.0 ¢/fl oz","priceRangeString":"","subscriptionString":"","linePriceDisplay":"$14.98","eaPricingPreText":""},"usItemId":"122347458","variantList":[],"isVariantTypeSwatch":false,"type":"REGULAR","rating":{"averageRating":4.8,"numberOfReviews":392},"sponsoredProduct":null,"isSponsoredFlag":false,"brand":"La Marca","canonicalUrl":"/ip/La-Marca-Prosecco-Sparkling-Wine-750ml-Glass-Bottle-Product-of-Italy/122347458?athcpid=122347458\u0026athpgid=AthenaContentPage_7998220\u0026athcgid=null\u0026athznid=ItemCarousel_ca2e4a13-4f67-49b2-8fff-eb1dc268f47b_items\u0026athieid=v0\u0026athstid=CS020\u0026athguid=NZweV7bKCjeEaERyHDHGZw0t96BAY2qGoaBn\u0026athancid=null\u0026athena=true\u0026athbdg=L1600"},{"canAddToCart":true,"showOptions":false,"badge":null,"badgeGroups":[],"badges":{"flags":null,"labels":[],"tags":[{"key":"PICKUP","text":"Pickup","id":"L1001","rank":null},{"key":"DELIVERY","text":"Delivery","id":"L1002","rank":null}],"groups":[]},"earlyAccessEvent":false,"eventAttributes":{"specialBuy":false,"priceFlip":false},"flag":"","classType":"REGULAR","fulfillmentBadges":["Pickup","Delivery"],"fulfillmentSpeed":null,"fulfillmentType":"STORE","id":"21849194","image":"https://i5.walmartimages.com/asr/9e14e8d5-6528-47e6-b0b0-df4931c28ac4.20fa38fb4c91263c7faeee8d23efbbe6.jpeg","isEarlyAccessItem":false,"isOutOfStock":false,"maxVisibleSwatchCount":4,"name":"Hebrew National Beef Franks in a Blanket Meal, Hot Dog Snack, 18.4 oz, 32 Count (Frozen)","groupMetaData":null,"itemType":null,"pac":null,"offerId":"855FD0B197734C299FA5B6F96EA0BBD8","sellerId":"F55CDC31AB754BB68FE0B39041159D63","showSubscribe":false,"sellerName":null,"salesUnitType":"EACH","weightIncrement":1,"hasSellerBadge":null,"preOrder":{"streetDate":null,"streetDateDisplayable":null,"streetDateType":null,"isPreOrder":false,"preOrderMessage":null,"preOrderStreetDateMessage":null},"price":18.33,"priceInfo":{"linePrice":"$18.33","priceDisplayCondition":null,"unitPrice":"99.6 ¢/oz","priceRangeString":"","subscriptionString":"","linePriceDisplay":"$18.33","eaPricingPreText":""},"usItemId":"21849194","variantList":[],"isVariantTypeSwatch":false,"type":"REGULAR","rating":{"averageRating":2.9,"numberOfReviews":92},"sponsoredProduct":null,"isSponsoredFlag":false,"brand":"Hebrew National","canonicalUrl":"/ip/Hebrew-National-Beef-Franks-in-a-Blanket-Meal-Hot-Dog-Snack-18-4-oz-32-Count-Frozen/21849194?athcpid=21849194\u0026athpgid=AthenaContentPage_7998220\u0026athcgid=null\u0026athznid=ItemCarousel_ca2e4a13-4f67-49b2-8fff-eb1dc268f47b_items\u0026athieid=v0\u0026athstid=CS020\u0026athguid=NZweV7bKCjeEaERyHDHGZw0t96BAY2qGoaBn\u0026athancid=null\u0026athena=true"},{"canAddToCart":true,"showOptions":false,"badge":null,"badgeGroups":[],"badges":{"flags":null,"labels":[],"tags":[{"key":"PICKUP","text":"Pickup","id":"L1001","rank":null},{"key":"DELIVERY","text":"Delivery","id":"L1002","rank":null}],"groups":[]},"earlyAccessEvent":false,"eventAttributes":{"specialBuy":false,"priceFlip":false},"flag":"","classType":"REGULAR","fulfillmentBadges":["Pickup","Delivery"],"fulfillmentSpeed":null,"fulfillmentType":"STORE","id":"168839768","image":"https://i5.walmartimages.com/asr/735aa51f-ffb6-4d30-b1b4-8d7d5122ab27.8af70a5887e8db2084060dacfc98f606.jpeg","isEarlyAccessItem":false,"isOutOfStock":false,"maxVisibleSwatchCount":4,"name":"Great Value Frozen Ready to Cook Shrimp Seafood Breaded Butterfly (2lb per Pack, 1 Pack Each)","groupMetaData":null,"itemType":null,"pac":null,"offerId":"0AE4DC5221454901A1AD523D27F850FC","sellerId":"F55CDC31AB754BB68FE0B39041159D63","showSubscribe":false,"sellerName":null,"salesUnitType":"EACH","weightIncrement":1,"hasSellerBadge":null,"preOrder":{"streetDate":null,"streetDateDisplayable":null,"streetDateType":null,"isPreOrder":false,"preOrderMessage":null,"preOrderStreetDateMessage":null},"price":11.94,"priceInfo":{"linePrice":"$11.94","priceDisplayCondition":null,"unitPrice":"37.3 ¢/oz","priceRangeString":"","subscriptionString":"","linePriceDisplay":"$11.94","eaPricingPreText":""},"usItemId":"168839768","variantList":[],"isVariantTypeSwatch":false,"type":"REGULAR","rating":{"averageRating":0,"numberOfReviews":0},"sponsoredProduct":null,"isSponsoredFlag":false,"brand":"Great Value","canonicalUrl":"/ip/Great-Value-Frozen-Ready-to-Cook-Shrimp-Seafood-Breaded-Butterfly-2lb-per-Pack-1-Pack-Each/168839768?athcpid=168839768\u0026athpgid=AthenaContentPage_7998220\u0026athcgid=null\u0026athznid=ItemCarousel_ca2e4a13-4f67-49b2-8fff-eb1dc268f47b_items\u0026athieid=v0\u0026athstid=CS020\u0026athguid=NZweV7bKCjeEaERyHDHGZw0t96BAY2qGoaBn\u0026athancid=null\u0026athena=true"},{"canAddToCart":true,"showOptions":false,"badge":{"id":"L1600","text":"Best seller","key":"BESTSELLER","type":"LABEL","rank":1,"styleId":null},"badgeGroups":[],"badges":{"flags":[{"key":"BESTSELLER","text":"Best seller","type":"LABEL","id":"L1600","rank":1,"styleId":null}],"labels":[],"tags":[{"key":"PICKUP","text":"Pickup","id":"L1001","rank":null},{"key":"DELIVERY","text":"Delivery","id":"L1002","rank":null}],"groups":[]},"earlyAccessEvent":false,"eventAttributes":{"specialBuy":false,"priceFlip":false},"flag":"Best seller","classType":"REGULAR","fulfillmentBadges":["Pickup","Delivery"],"fulfillmentSpeed":null,"fulfillmentType":"STORE","id":"14336389","image":"https://i5.walmartimages.com/asr/78ac8e32-05e0-4b8b-99be-1fb45dacdc5a.dd6fd03d2f14da7ad2e0da3ea4d48ff1.jpeg","isEarlyAccessItem":false,"isOutOfStock":false,"maxVisibleSwatchCount":4,"name":"Great Value Fully Cooked Homestyle Meatballs, 32 oz (Frozen)","groupMetaData":null,"itemType":null,"pac":null,"offerId":"4FC7CB0A84CF417E80BA8E62F3347B4D","sellerId":"F55CDC31AB754BB68FE0B39041159D63","showSubscribe":false,"sellerName":null,"salesUnitType":"EACH","weightIncrement":1,"hasSellerBadge":null,"preOrder":{"streetDate":null,"streetDateDisplayable":null,"streetDateType":null,"isPreOrder":false,"preOrderMessage":null,"preOrderStreetDateMessage":null},"price":7.32,"priceInfo":{"linePrice":"$7.32","priceDisplayCondition":null,"unitPrice":"22.9 ¢/oz","priceRangeString":"","subscriptionString":"","linePriceDisplay":"$7.32","eaPricingPreText":""},"usItemId":"14336389","variantList":[],"isVariantTypeSwatch":false,"type":"REGULAR","rating":{"averageRating":0,"numberOfReviews":0},"sponsoredProduct":null,"isSponsoredFlag":false,"brand":"Great Value","canonicalUrl":"/ip/Great-Value-Fully-Cooked-Homestyle-Meatballs-32-oz-Frozen/14336389?athcpid=14336389\u0026athpgid=AthenaContentPage_7998220\u0026athcgid=null\u0026athznid=ItemCarousel_ca2e4a13-4f67-49b2-8fff-eb1dc268f47b_items\u0026athieid=v0\u0026athstid=CS020\u0026athguid=NZweV7bKCjeEaERyHDHGZw0t96BAY2qGoaBn\u0026athancid=null\u0026athena=true\u0026athbdg=L1600"},{"canAddToCart":true,"showOptions":false,"badge":{"id":"L1600","text":"Best seller","key":"BESTSELLER","type":"LABEL","rank":1,"styleId":null},"badgeGroups":[],"badges":{"flags":[{"key":"BESTSELLER","text":"Best seller","type":"LABEL","id":"L1600","rank":1,"styleId":null}],"labels":[],"tags":[{"key":"PICKUP","text":"Pickup","id":"L1001","rank":null},{"key":"DELIVERY","text":"Delivery","id":"L1002","rank":null}],"groups":[]},"earlyAccessEvent":false,"eventAttributes":{"specialBuy":false,"priceFlip":false},"flag":"Best seller","classType":"REGULAR","fulfillmentBadges":["Pickup","Delivery"],"fulfillmentSpeed":null,"fulfillmentType":"STORE","id":"37915367","image":"https://i5.walmartimages.com/asr/6a6978ed-82bc-4cee-ad4d-93160401d4a1.09744ac48acfc99eb0d291af0ad10476.jpeg","isEarlyAccessItem":false,"isOutOfStock":false,"maxVisibleSwatchCount":4,"name":"Marketside Premium Heatable Spinach Artichoke Dip Small Tub (16 oz, 1 Count)","groupMetaData":null,"itemType":null,"pac":null,"offerId":"E5BD9763AD624A0B9819E9501F31C46C","sellerId":"F55CDC31AB754BB68FE0B39041159D63","showSubscribe":false,"sellerName":null,"salesUnitType":"EACH","weightIncrement":1,"hasSellerBadge":null,"preOrder":{"streetDate":null,"streetDateDisplayable":null,"streetDateType":null,"isPreOrder":false,"preOrderMessage":null,"preOrderStreetDateMessage":null},"price":5.54,"priceInfo":{"linePrice":"$5.54","priceDisplayCondition":null,"unitPrice":"34.6 ¢/oz","priceRangeString":"","subscriptionString":"","linePriceDisplay":"$5.54","eaPricingPreText":""},"usItemId":"37915367","variantList":[],"isVariantTypeSwatch":false,"type":"REGULAR","rating":{"averageRating":3.7,"numberOfReviews":299},"sponsoredProduct":null,"isSponsoredFlag":false,"brand":"Marketside","canonicalUrl":"/ip/Marketside-Premium-Heatable-Spinach-Artichoke-Dip-Small-Tub-16-oz-1-Count/37915367?athcpid=37915367\u0026athpgid=AthenaContentPage_7998220\u0026athcgid=null\u0026athznid=ItemCarousel_ca2e4a13-4f67-49b2-8fff-eb1dc268f47b_items\u0026athieid=v0\u0026athstid=CS020\u0026athguid=NZweV7bKCjeEaERyHDHGZw0t96BAY2qGoaBn\u0026athancid=null\u0026athena=true\u0026athbdg=L1600"},{"canAddToCart":true,"showOptions":false,"badge":{"id":"L1600","text":"Best seller","key":"BESTSELLER","type":"LABEL","rank":1,"styleId":null},"badgeGroups":[],"badges":{"flags":[{"key":"BESTSELLER","text":"Best seller","type":"LABEL","id":"L1600","rank":1,"styleId":null}],"labels":[],"tags":[{"key":"PICKUP","text":"Pickup","id":"L1001","rank":null},{"key":"DELIVERY","text":"Delivery","id":"L1002","rank":null}],"groups":[]},"earlyAccessEvent":false,"eventAttributes":{"specialBuy":false,"priceFlip":false},"flag":"Best seller","classType":"REGULAR","fulfillmentBadges":["Pickup","Delivery"],"fulfillmentSpeed":null,"fulfillmentType":"STORE","id":"238970332","image":"https://i5.walmartimages.com/asr/b7d1b78e-2d49-4587-b1ec-cbbf56332577.b59ac37f531b8d19b7bde026909d5088.jpeg","isEarlyAccessItem":false,"isOutOfStock":false,"maxVisibleSwatchCount":4,"name":"Freshness Guaranteed Sliced Plain French Bread, 14 oz","groupMetaData":null,"itemType":null,"pac":null,"offerId":"797C2A338E474A44B8EAA95C3ACA844E","sellerId":"F55CDC31AB754BB68FE0B39041159D63","showSubscribe":false,"sellerName":null,"salesUnitType":"EACH","weightIncrement":1,"hasSellerBadge":null,"preOrder":{"streetDate":null,"streetDateDisplayable":null,"streetDateType":null,"isPreOrder":false,"preOrderMessage":null,"preOrderStreetDateMessage":null},"price":1.47,"priceInfo":{"linePrice":"$1.47","priceDisplayCondition":null,"unitPrice":"10.5 ¢/oz","priceRangeString":"","subscriptionString":"","linePriceDisplay":"$1.47","eaPricingPreText":""},"usItemId":"238970332","variantList":[],"isVariantTypeSwatch":false,"type":"REGULAR","rating":{"averageRating":3.4,"numberOfReviews":286},"sponsoredProduct":null,"isSponsoredFlag":false,"brand":"Freshness Guaranteed","canonicalUrl":"/ip/Freshness-Guaranteed-Sliced-Plain-French-Bread-14-oz/238970332?athcpid=238970332\u0026athpgid=AthenaContentPage_7998220\u0026athcgid=null\u0026athznid=ItemCarousel_ca2e4a13-4f67-49b2-8fff-eb1dc268f47b_items\u0026athieid=v0\u0026athstid=CS020\u0026athguid=NZweV7bKCjeEaERyHDHGZw0t96BAY2qGoaBn\u0026athancid=null\u0026athena=true\u0026athbdg=L1600"},{"canAddToCart":false,"showOptions":true,"badge":null,"badgeGroups":[],"badges":{"flags":null,"labels":[],"tags":[{"key":"PICKUP","text":"Pickup","id":"L1001","rank":null},{"key":"DELIVERY","text":"Delivery","id":"L1002","rank":null}],"groups":[]},"earlyAccessEvent":false,"eventAttributes":{"specialBuy":false,"priceFlip":false},"flag":"","classType":"BVSHELL","fulfillmentBadges":["Pickup","Delivery"],"fulfillmentSpeed":null,"fulfillmentType":"STORE","id":"10307749","image":"https://i5.walmartimages.com/seo/Martinelli-s-Gold-Medal-Sparkling-Apple-Cider-with-100-Pure-Juice-25-4-fl-oz_0e095149-2795-4d7e-8b05-e3608fb0467b_1.e1be18905f751f72ba45a7048175606c.jpeg","isEarlyAccessItem":false,"isOutOfStock":false,"maxVisibleSwatchCount":4,"name":"Martinelli's Gold Medal Sparkling Apple Cider with 100% Pure Juice, 25.4 fl oz","groupMetaData":null,"itemType":null,"pac":null,"offerId":"A5CDD0CE5822491A8ECD994B5612BD1D","sellerId":"F55CDC31AB754BB68FE0B39041159D63","showSubscribe":false,"sellerName":null,"salesUnitType":"EACH","weightIncrement":1,"hasSellerBadge":null,"preOrder":{"streetDate":null,"streetDateDisplayable":null,"streetDateType":null,"isPreOrder":false,"preOrderMessage":null,"preOrderStreetDateMessage":null},"price":3.63,"priceInfo":{"linePrice":"$3.63","priceDisplayCondition":null,"minPriceForVariant":"","priceRangeString":"Options from $3.63 – $14.72","subscriptionString":"","linePriceDisplay":"$3.63","eaPricingPreText":""},"usItemId":"10307749","variantList":[],"isVariantTypeSwatch":false,"type":"BVSHELL","rating":{"averageRating":4.5,"numberOfReviews":286},"sponsoredProduct":null,"isSponsoredFlag":false,"brand":"Martinelli's","canonicalUrl":"/ip/Martinelli-s-Gold-Medal-Sparkling-Apple-Cider-with-100-Pure-Juice-25-4-fl-oz/10307749?athcpid=10307749\u0026athpgid=AthenaContentPage_7998220\u0026athcgid=null\u0026athznid=ItemCarousel_ca2e4a13-4f67-49b2-8fff-eb1dc268f47b_items\u0026athieid=v0\u0026athstid=CS020\u0026athguid=NZweV7bKCjeEaERyHDHGZw0t96BAY2qGoaBn\u0026athancid=null\u0026athena=true"},{"canAddToCart":true,"showOptions":false,"badge":{"id":"L1600","text":"Best seller","key":"BESTSELLER","type":"LABEL","rank":1,"styleId":null},"badgeGroups":[],"badges":{"flags":[{"key":"BESTSELLER","text":"Best seller","type":"LABEL","id":"L1600","rank":1,"styleId":null}],"labels":[],"tags":[{"key":"PICKUP","text":"Pickup","id":"L1001","rank":null},{"key":"DELIVERY","text":"Delivery","id":"L1002","rank":null}],"groups":[]},"earlyAccessEvent":false,"eventAttributes":{"specialBuy":false,"priceFlip":false},"flag":"Best seller","classType":"REGULAR","fulfillmentBadges":["Pickup","Delivery"],"fulfillmentSpeed":null,"fulfillmentType":"STORE","id":"12166388","image":"https://i5.walmartimages.com/asr/51ca11bb-e061-462d-ab56-ec5b9cee5f5e_2.dae74c0de196d0be251d8ba01c21b548.jpeg","isEarlyAccessItem":false,"isOutOfStock":false,"maxVisibleSwatchCount":4,"name":"Ocean Spray Cranberry Grape Juice Drink, 64 Fl. Oz.","groupMetaData":null,"itemType":null,"pac":null,"offerId":"BE3872638C4D413F83AEB1A08CE9F53A","sellerId":"F55CDC31AB754BB68FE0B39041159D63","showSubscribe":false,"sellerName":null,"salesUnitType":"EACH","weightIncrement":1,"hasSellerBadge":null,"preOrder":{"streetDate":null,"streetDateDisplayable":null,"streetDateType":null,"isPreOrder":false,"preOrderMessage":null,"preOrderStreetDateMessage":null},"price":3.36,"priceInfo":{"linePrice":"$3.36","priceDisplayCondition":null,"unitPrice":"5.3 ¢/fl oz","priceRangeString":"","subscriptionString":"","linePriceDisplay":"$3.36","eaPricingPreText":""},"usItemId":"12166388","variantList":[],"isVariantTypeSwatch":false,"type":"REGULAR","rating":{"averageRating":4.4,"numberOfReviews":456},"sponsoredProduct":null,"isSponsoredFlag":false,"brand":"Ocean Spray","canonicalUrl":"/ip/Ocean-Spray-Cranberry-Grape-Juice-Drink-64-Fl-Oz/12166388?athcpid=12166388\u0026athpgid=AthenaContentPage_7998220\u0026athcgid=null\u0026athznid=ItemCarousel_ca2e4a13-4f67-49b2-8fff-eb1dc268f47b_items\u0026athieid=v0\u0026athstid=CS020\u0026athguid=NZweV7bKCjeEaERyHDHGZw0t96BAY2qGoaBn\u0026athancid=null\u0026athena=true\u0026athbdg=L1600"},{"canAddToCart":true,"showOptions":false,"badge":null,"badgeGroups":[],"badges":{"flags":null,"labels":[],"tags":[{"key":"PICKUP","text":"Pickup","id":"L1001","rank":null},{"key":"DELIVERY","text":"Delivery","id":"L1002","rank":null}],"groups":[]},"earlyAccessEvent":false,"eventAttributes":{"specialBuy":false,"priceFlip":false},"flag":"","classType":"REGULAR","fulfillmentBadges":["Pickup","Delivery"],"fulfillmentSpeed":null,"fulfillmentType":"STORE","id":"3772509186","image":"https://i5.walmartimages.com/asr/248834e4-6ad9-4808-a8db-663b0a399cce.68ebb3ecd680a727ca03457c45fa731e.jpeg","isEarlyAccessItem":false,"isOutOfStock":false,"maxVisibleSwatchCount":4,"name":"FARM RICH BREADED MOZZARELLA STICKS","groupMetaData":null,"itemType":null,"pac":null,"offerId":"854A0987AA8C432EBCBE640BDBFDC1AB","sellerId":"F55CDC31AB754BB68FE0B39041159D63","showSubscribe":false,"sellerName":null,"salesUnitType":"EACH","weightIncrement":1,"hasSellerBadge":null,"preOrder":{"streetDate":null,"streetDateDisplayable":null,"streetDateType":null,"isPreOrder":false,"preOrderMessage":null,"preOrderStreetDateMessage":null},"price":11.98,"priceInfo":{"linePrice":"$11.98","priceDisplayCondition":null,"unitPrice":"25.0 ¢/oz","priceRangeString":"","subscriptionString":"","linePriceDisplay":"$11.98","eaPricingPreText":""},"usItemId":"3772509186","variantList":[],"isVariantTypeSwatch":false,"type":"REGULAR","rating":{"averageRating":2.9,"numberOfReviews":16},"sponsoredProduct":null,"isSponsoredFlag":false,"brand":"Farm Rich","canonicalUrl":"/ip/FARM-RICH-BREADED-MOZZARELLA-STICKS/3772509186?athcpid=3772509186\u0026athpgid=AthenaContentPage_7998220\u0026athcgid=null\u0026athznid=ItemCarousel_ca2e4a13-4f67-49b2-8fff-eb1dc268f47b_items\u0026athieid=v0\u0026athstid=CS020\u0026athguid=NZweV7bKCjeEaERyHDHGZw0t96BAY2qGoaBn\u0026athancid=null\u0026athena=true"},{"canAddToCart":true,"showOptions":false,"badge":null,"badgeGroups":[],"badges":{"flags":null,"labels":[],"tags":[{"key":"PICKUP","text":"Pickup","id":"L1001","rank":null},{"key":"DELIVERY","text":"Delivery","id":"L1002","rank":null}],"groups":[]},"earlyAccessEvent":false,"eventAttributes":{"specialBuy":false,"priceFlip":false},"flag":"","classType":"REGULAR","fulfillmentBadges":["Pickup","Delivery"],"fulfillmentSpeed":null,"fulfillmentType":"STORE","id":"16940282","image":"https://i5.walmartimages.com/asr/b6a0db3e-69f1-4418-9fc1-5b46f95246ba.2be32aeeec4eb3eee985ae6c892a8df2.jpeg","isEarlyAccessItem":false,"isOutOfStock":false,"maxVisibleSwatchCount":4,"name":"HORMEL GATHERINGS, Honey Ham and Turkey with Cheese and Crackers, Deli Party, 28 oz Plastic Tray","groupMetaData":null,"itemType":null,"pac":null,"offerId":"2E0E3244326F4AA4935BB6D20CFC31DA","sellerId":"F55CDC31AB754BB68FE0B39041159D63","showSubscribe":false,"sellerName":null,"salesUnitType":"EACH","weightIncrement":1,"hasSellerBadge":null,"preOrder":{"streetDate":null,"streetDateDisplayable":null,"streetDateType":null,"isPreOrder":false,"preOrderMessage":null,"preOrderStreetDateMessage":null},"price":13.98,"priceInfo":{"linePrice":"$13.98","priceDisplayCondition":null,"unitPrice":"49.9 ¢/oz","priceRangeString":"","subscriptionString":"","linePriceDisplay":"$13.98","eaPricingPreText":""},"usItemId":"16940282","variantList":[],"isVariantTypeSwatch":false,"type":"REGULAR","rating":{"averageRating":4.1,"numberOfReviews":333},"sponsoredProduct":null,"isSponsoredFlag":false,"brand":"Hormel","canonicalUrl":"/ip/HORMEL-GATHERINGS-Honey-Ham-and-Turkey-with-Cheese-and-Crackers-Deli-Party-28-oz-Plastic-Tray/16940282?athcpid=16940282\u0026athpgid=AthenaContentPage_7998220\u0026athcgid=null\u0026athznid=ItemCarousel_ca2e4a13-4f67-49b2-8fff-eb1dc268f47b_items\u0026athieid=v0\u0026athstid=CS020\u0026athguid=NZweV7bKCjeEaERyHDHGZw0t96BAY2qGoaBn\u0026athancid=null\u0026athena=true"},{"canAddToCart":true,"showOptions":false,"badge":null,"badgeGroups":[],"badges":{"flags":null,"labels":[],"tags":[{"key":"PICKUP","text":"Pickup","id":"L1001","rank":null},{"key":"DELIVERY","text":"Delivery","id":"L1002","rank":null}],"groups":[]},"earlyAccessEvent":false,"eventAttributes":{"specialBuy":false,"priceFlip":false},"flag":"","classType":"REGULAR","fulfillmentBadges":["Pickup","Delivery"],"fulfillmentSpeed":null,"fulfillmentType":"STORE","id":"15610919","image":"https://i5.walmartimages.com/asr/876713c6-a77c-403c-919e-09cb428ea537.1298821fdab6bd8e7983716c4f117f58.jpeg","isEarlyAccessItem":false,"isOutOfStock":false,"maxVisibleSwatchCount":4,"name":"Nancy's Petite Quiche Frozen Snacks Variety Pack, 32 Ct Box Regular","groupMetaData":null,"itemType":null,"pac":null,"offerId":"7A239038FBAB4A89BFCD82F840F41FB9","sellerId":"F55CDC31AB754BB68FE0B39041159D63","showSubscribe":false,"sellerName":null,"salesUnitType":"EACH","weightIncrement":1,"hasSellerBadge":null,"preOrder":{"streetDate":null,"streetDateDisplayable":null,"streetDateType":null,"isPreOrder":false,"preOrderMessage":null,"preOrderStreetDateMessage":null},"price":12.12,"priceInfo":{"linePrice":"$12.12","priceDisplayCondition":null,"unitPrice":"54.1 ¢/oz","priceRangeString":"","subscriptionString":"","linePriceDisplay":"$12.12","eaPricingPreText":""},"usItemId":"15610919","variantList":[],"isVariantTypeSwatch":false,"type":"REGULAR","rating":{"averageRating":4.1,"numberOfReviews":161},"sponsoredProduct":null,"isSponsoredFlag":false,"brand":"Nancy's","canonicalUrl":"/ip/Nancy-s-Petite-Quiche-Frozen-Snacks-Variety-Pack-32-Ct-Box-Regular/15610919?athcpid=15610919\u0026athpgid=AthenaContentPage_7998220\u0026athcgid=null\u0026athznid=ItemCarousel_ca2e4a13-4f67-49b2-8fff-eb1dc268f47b_items\u0026athieid=v0\u0026athstid=CS020\u0026athguid=NZweV7bKCjeEaERyHDHGZw0t96BAY2qGoaBn\u0026athancid=null\u0026athena=true"},{"canAddToCart":true,"showOptions":false,"badge":null,"badgeGroups":[],"badges":{"flags":null,"labels":[],"tags":[{"key":"PICKUP","text":"Pickup","id":"L1001","rank":null},{"key":"DELIVERY","text":"Delivery","id":"L1002","rank":null}],"groups":[]},"earlyAccessEvent":false,"eventAttributes":{"specialBuy":false,"priceFlip":false},"flag":"","classType":"REGULAR","fulfillmentBadges":["Pickup","Delivery"],"fulfillmentSpeed":null,"fulfillmentType":"STORE","id":"54802264","image":"https://i5.walmartimages.com/asr/919f99b6-cd01-4a6c-9e4e-5cd18cd85e93.ebbc07580dc9e363c2d7ede20045458c.jpeg","isEarlyAccessItem":false,"isOutOfStock":false,"maxVisibleSwatchCount":4,"name":"Sams Choice Sc Spicy Maple Bourbon Pickles 24oz","groupMetaData":null,"itemType":null,"pac":null,"offerId":"9D9A22C5C43C420083F08986851D233B","sellerId":"F55CDC31AB754BB68FE0B39041159D63","showSubscribe":false,"sellerName":null,"salesUnitType":"EACH","weightIncrement":1,"hasSellerBadge":null,"preOrder":{"streetDate":null,"streetDateDisplayable":null,"streetDateType":null,"isPreOrder":false,"preOrderMessage":null,"preOrderStreetDateMessage":null},"price":3.98,"priceInfo":{"linePrice":"$3.98","priceDisplayCondition":null,"unitPrice":"16.6 ¢/fl oz","priceRangeString":"","subscriptionString":"","linePriceDisplay":"$3.98","eaPricingPreText":""},"usItemId":"54802264","variantList":[],"isVariantTypeSwatch":false,"type":"REGULAR","rating":{"averageRating":4.3,"numberOfReviews":118},"sponsoredProduct":null,"isSponsoredFlag":false,"brand":"Sam's Choice","canonicalUrl":"/ip/Sams-Choice-Sc-Spicy-Maple-Bourbon-Pickles-24oz/54802264?athcpid=54802264\u0026athpgid=AthenaContentPage_7998220\u0026athcgid=null\u0026athznid=ItemCarousel_ca2e4a13-4f67-49b2-8fff-eb1dc268f47b_items\u0026athieid=v0\u0026athstid=CS020\u0026athguid=NZweV7bKCjeEaERyHDHGZw0t96BAY2qGoaBn\u0026athancid=null\u0026athena=true"},{"canAddToCart":true,"showOptions":false,"badge":{"id":"L1600","text":"Best seller","key":"BESTSELLER","type":"LABEL","rank":1,"styleId":null},"badgeGroups":[],"badges":{"flags":[{"key":"BESTSELLER","text":"Best seller","type":"LABEL","id":"L1600","rank":1,"styleId":null}],"labels":[],"tags":[{"key":"PICKUP","text":"Pickup","id":"L1001","rank":null},{"key":"DELIVERY","text":"Delivery","id":"L1002","rank":null},{"key":"ONE_DAY_SHIPPING","text":"1-day shipping","id":"L1003","rank":null}],"groups":[]},"earlyAccessEvent":false,"eventAttributes":{"specialBuy":false,"priceFlip":false},"flag":"Best seller","classType":"REGULAR","fulfillmentBadges":["Pickup","Delivery","1-day shipping"],"fulfillmentSpeed":null,"fulfillmentType":"STORE","id":"11045794","image":"https://i5.walmartimages.com/asr/a15b7260-0544-41ed-b454-e96767bf5985.77e7b253ed034ddafa1c9e3afc7eb4bb.jpeg","isEarlyAccessItem":false,"isOutOfStock":false,"maxVisibleSwatchCount":4,"name":"Toasteds Variety Pack Crackers, 12 oz","groupMetaData":null,"itemType":null,"pac":null,"unsheduled_Delivery_SLA":null,"offerId":"0CA11C1987444F70A0B21538DBAA3EEC","sellerId":"F55CDC31AB754BB68FE0B39041159D63","showSubscribe":false,"sellerName":null,"salesUnitType":"EACH","weightIncrement":1,"hasSellerBadge":null,"preOrder":{"streetDate":null,"streetDateDisplayable":null,"streetDateType":null,"isPreOrder":false,"preOrderMessage":null,"preOrderStreetDateMessage":null},"price":4.76,"priceInfo":{"linePrice":"$4.76","priceDisplayCondition":null,"unitPrice":"39.7 ¢/oz","priceRangeString":"","subscriptionString":"","linePriceDisplay":"$4.76","eaPricingPreText":""},"usItemId":"11045794","variantList":[],"isVariantTypeSwatch":false,"type":"REGULAR","rating":{"averageRating":4.4,"numberOfReviews":418},"sponsoredProduct":null,"isSponsoredFlag":false,"brand":"Toasteds","canonicalUrl":"/ip/Toasteds-Variety-Pack-Crackers-12-oz/11045794?athcpid=11045794\u0026athpgid=AthenaContentPage_7998220\u0026athcgid=null\u0026athznid=ItemCarousel_ca2e4a13-4f67-49b2-8fff-eb1dc268f47b_items\u0026athieid=v0\u0026athstid=CS020\u0026athguid=NZweV7bKCjeEaERyHDHGZw0t96BAY2qGoaBn\u0026athancid=null\u0026athena=true\u0026athbdg=L1600"},{"canAddToCart":true,"showOptions":false,"badge":{"id":"L1600","text":"Best seller","key":"BESTSELLER","type":"LABEL","rank":1,"styleId":null},"badgeGroups":[],"badges":{"flags":[{"key":"BESTSELLER","text":"Best seller","type":"LABEL","id":"L1600","rank":1,"styleId":null}],"labels":[],"tags":[{"key":"PICKUP","text":"Pickup","id":"L1001","rank":null},{"key":"DELIVERY","text":"Delivery","id":"L1002","rank":null}],"groups":[]},"earlyAccessEvent":false,"eventAttributes":{"specialBuy":false,"priceFlip":false},"flag":"Best seller","classType":"REGULAR","fulfillmentBadges":["Pickup","Delivery"],"fulfillmentSpeed":null,"fulfillmentType":"STORE","id":"10293707","image":"https://i5.walmartimages.com/asr/c4ac4dbe-676b-40f2-b979-f449a2b0a47d.7ba91e1b5dd896c778ea28f7f5ab4f34.jpeg","isEarlyAccessItem":false,"isOutOfStock":false,"maxVisibleSwatchCount":4,"name":"President Brie Soft-Ripened Cheese, 8 oz (Refrigerated)","groupMetaData":null,"itemType":null,"pac":null,"offerId":"B36FDB90AD3E408492D20CAD6457EAD6","sellerId":"F55CDC31AB754BB68FE0B39041159D63","showSubscribe":false,"sellerName":null,"salesUnitType":"EACH","weightIncrement":1,"hasSellerBadge":null,"preOrder":{"streetDate":null,"streetDateDisplayable":null,"streetDateType":null,"isPreOrder":false,"preOrderMessage":null,"preOrderStreetDateMessage":null},"price":4.7,"priceInfo":{"linePrice":"$4.70","priceDisplayCondition":null,"unitPrice":"58.8 ¢/oz","wasPrice":"$5.26","priceRangeString":"","subscriptionString":"","savings":"SAVE $0.56","linePriceDisplay":"Now $4.70","eaPricingPreText":""},"usItemId":"10293707","variantList":[],"isVariantTypeSwatch":false,"type":"REGULAR","rating":{"averageRating":2.7,"numberOfReviews":76},"sponsoredProduct":null,"isSponsoredFlag":false,"brand":"President","canonicalUrl":"/ip/President-Brie-Soft-Ripened-Cheese-8-oz-Refrigerated/10293707?athcpid=10293707\u0026athpgid=AthenaContentPage_7998220\u0026athcgid=null\u0026athznid=ItemCarousel_ca2e4a13-4f67-49b2-8fff-eb1dc268f47b_items\u0026athieid=v0\u0026athstid=CS020\u0026athguid=NZweV7bKCjeEaERyHDHGZw0t96BAY2qGoaBn\u0026athancid=null\u0026athena=true\u0026athbdg=L1600"},{"canAddToCart":true,"showOptions":false,"badge":null,"badgeGroups":[],"badges":{"flags":null,"labels":[],"tags":[{"key":"PICKUP","text":"Pickup","id":"L1001","rank":null},{"key":"DELIVERY","text":"Delivery","id":"L1002","rank":null}],"groups":[]},"earlyAccessEvent":false,"eventAttributes":{"specialBuy":false,"priceFlip":false},"flag":"","classType":"REGULAR","fulfillmentBadges":["Pickup","Delivery"],"fulfillmentSpeed":null,"fulfillmentType":"STORE","id":"826462177","image":"https://i5.walmartimages.com/asr/4487c6ec-6b8b-446b-b6d7-ae878ace0ca9.bda7668c91ab3504c3bf9b42e9a8ec7c.jpeg","isEarlyAccessItem":false,"isOutOfStock":false,"maxVisibleSwatchCount":4,"name":"Welch's Non-Alcoholic Sparkling Rosé Grape Juice Cocktail, 25.4 fl oz Bottle","groupMetaData":null,"itemType":null,"pac":null,"offerId":"74F27D21F3C348C8ABD5A4F398EF870D","sellerId":"F55CDC31AB754BB68FE0B39041159D63","showSubscribe":false,"sellerName":null,"salesUnitType":"EACH","weightIncrement":1,"hasSellerBadge":null,"preOrder":{"streetDate":null,"streetDateDisplayable":null,"streetDateType":null,"isPreOrder":false,"preOrderMessage":null,"preOrderStreetDateMessage":null},"price":3.68,"priceInfo":{"linePrice":"$3.68","priceDisplayCondition":null,"unitPrice":"14.5 ¢/fl oz","priceRangeString":"","subscriptionString":"","linePriceDisplay":"$3.68","eaPricingPreText":""},"usItemId":"826462177","variantList":[],"isVariantTypeSwatch":false,"type":"REGULAR","rating":{"averageRating":4.2,"numberOfReviews":143},"sponsoredProduct":null,"isSponsoredFlag":false,"brand":"Welch's","canonicalUrl":"/ip/Welch-s-Non-Alcoholic-Sparkling-Ros-Grape-Juice-Cocktail-25-4-fl-oz-Bottle/826462177?athcpid=826462177\u0026athpgid=AthenaContentPage_7998220\u0026athcgid=null\u0026athznid=ItemCarousel_ca2e4a13-4f67-49b2-8fff-eb1dc268f47b_items\u0026athieid=v0\u0026athstid=CS020\u0026athguid=NZweV7bKCjeEaERyHDHGZw0t96BAY2qGoaBn\u0026athancid=null\u0026athena=true"},{"canAddToCart":true,"showOptions":false,"badge":null,"badgeGroups":[],"badges":{"flags":null,"labels":[],"tags":[{"key":"PICKUP","text":"Pickup","id":"L1001","rank":null},{"key":"DELIVERY","text":"Delivery","id":"L1002","rank":null}],"groups":[]},"earlyAccessEvent":false,"eventAttributes":{"specialBuy":false,"priceFlip":false},"flag":"","classType":"REGULAR","fulfillmentBadges":["Pickup","Delivery"],"fulfillmentSpeed":null,"fulfillmentType":"STORE","id":"35591553","image":"https://i5.walmartimages.com/asr/e537acef-d2ba-42b8-8c03-4f5887fef18c.114ae348020c674a99451aec9b98f23f.jpeg","isEarlyAccessItem":false,"isOutOfStock":false,"maxVisibleSwatchCount":4,"name":"Delimex Chicken \u0026 Cheese Large Flour Taquitos Frozen Snacks \u0026 Appetizers, 18 Ct Box Full Size","groupMetaData":null,"itemType":null,"pac":null,"offerId":"FF39EC103035482FA8A34C47B518326F","sellerId":"F55CDC31AB754BB68FE0B39041159D63","showSubscribe":false,"sellerName":null,"salesUnitType":"EACH","weightIncrement":1,"hasSellerBadge":null,"preOrder":{"streetDate":null,"streetDateDisplayable":null,"streetDateType":null,"isPreOrder":false,"preOrderMessage":null,"preOrderStreetDateMessage":null},"price":6.28,"priceInfo":{"linePrice":"$6.28","priceDisplayCondition":null,"unitPrice":"29.1 ¢/oz","priceRangeString":"","subscriptionString":"","linePriceDisplay":"$6.28","eaPricingPreText":""},"usItemId":"35591553","variantList":[],"isVariantTypeSwatch":false,"type":"REGULAR","rating":{"averageRating":3.6,"numberOfReviews":237},"sponsoredProduct":null,"isSponsoredFlag":false,"brand":"Delimex","canonicalUrl":"/ip/Delimex-Chicken-Cheese-Large-Flour-Taquitos-Frozen-Snacks-Appetizers-18-Ct-Box-Full-Size/35591553?athcpid=35591553\u0026athpgid=AthenaContentPage_7998220\u0026athcgid=null\u0026athznid=ItemCarousel_ca2e4a13-4f67-49b2-8fff-eb1dc268f47b_items\u0026athieid=v0\u0026athstid=CS020\u0026athguid=NZweV7bKCjeEaERyHDHGZw0t96BAY2qGoaBn\u0026athancid=null\u0026athena=true"}]}},"publishedDate":1703433941534,"moduleId":"ca2e4a13-4f67-49b2-8fff-eb1dc268f47b","module_id":"ca2e4a13-4f67-49b2-8fff-eb1dc268f47b","matchedTrigger":{"pageType":"ContentPage","pageId":"7998220","zone":"contentZone5","inheritable":false}},{"name":"NYE - Skinny Banner - Holiday Meal CP - 12.24","type":"SkinnyBanner","version":1,"status":"published","schedule":{"start":"2023-12-24T23:00Z","end":null,"priority":1,"expEnabled":false},"triggers":[{"pageType":"ContentPage","pageId":"7998220","zone":"topZone2","inheritable":false}],"configs":{"__typename":"TempoWM_GLASSWWWSkinnyBannerConfigs","bannerType":"Skinny","desktopBannerHeight":"150px","bannerImage":{"src":"https://i5.walmartimages.com/dfw/4ff9c6c9-f85c/k2-_0fdf26ef-d848-4644-b6cb-545095dce13d.v1.jpg","title":"3973025-201-XCAT-NYE-Site-Request-SKN-BNR-1568x220-D","alt":"Get set to celebrate New Year’s Eve. Say hello to two thousand and twenty-four! Shop now.","assetId":"2ce7f50d-80aa-464f-8210-b61c8ba60630","assetName":"3973025-201-XCAT-NYE-Site-Request-SKN-BNR-1568x220-D.jpg"},"mobileBannerHeight":"100px","mobileImage":{"src":"https://i5.walmartimages.com/dfw/4ff9c6c9-78fa/k2-_14cdb622-467f-45a6-940e-8e3c46b3ce87.v1.jpg","title":"3973025-202-XCAT-NYE-Site-Request-SKN-BNR-767x224-M","alt":"Get set to celebrate New Year’s Eve. Say hello to two thousand and twenty-four! Shop now.","assetId":"e53bc492-0346-43f8-bbed-b9e7232eaa0a","assetName":"3973025-202-XCAT-NYE-Site-Request-SKN-BNR-767x224-M.jpg"},"backgroundColor":null,"heading":{"title":"Get set to celebrate New Year’s Eve","fontColor":"#000000"},"subHeading":{"title":"Say hello to 2024!","fontColor":"#000000"},"bannerCta":[{"textColor":null,"uid":"JKe8Ibjd","ctaType":"link","ctaLink":{"title":"Shop now","linkText":"Shop now","clickThrough":{"value":"https://www.walmart.com/shop/new-years-eve","rawValue":"https://www.walmart.com/shop/new-years-eve"}}}]},"publishedDate":1703432111488,"moduleId":"d7d11721-3f63-48f9-8d2f-2ba6dd928d62","module_id":"d7d11721-3f63-48f9-8d2f-2ba6dd928d62","matchedTrigger":{"pageType":"ContentPage","pageId":"7998220","zone":"topZone2","inheritable":false}},{"name":"Skinny Banner - G\u0026E - Holiday Meals CP - 11.14.23","type":"SkinnyBanner","version":3,"status":"published","schedule":{"start":null,"end":null,"priority":1,"expEnabled":false},"triggers":[{"pageType":"ContentPage","pageId":"7998220","zone":"contentZone18","inheritable":false}],"configs":{"__typename":"TempoWM_GLASSWWWSkinnyBannerConfigs","bannerType":"POV","desktopBannerHeight":"150px","bannerImage":{"src":"https://i5.walmartimages.com/dfw/4ff9c6c9-76b5/k2-_e3aea1e7-02b4-416f-9983-8b63a9d23916.v1.jpg","title":"3787325-005-FY24-FOOD-Weekly-Trip-SITE-Drivers-1101-SKN-BNR-1568x220-D","alt":"Your weekly haul just got better","assetId":"7e14c1c7-1bc3-4af0-9ad0-23fe3153b6c1","assetName":"3787325-005-FY24-FOOD-Weekly-Trip-SITE-Drivers-1101-SKN-BNR-1568x220-D.jpg"},"mobileBannerHeight":"100px","mobileImage":{"src":"https://i5.walmartimages.com/dfw/4ff9c6c9-fafb/k2-_fa9c5eff-3716-42e6-8f91-d9c450e097f7.v1.jpg","title":"3787325-006-FY24-FOOD-Weekly-Trip-SITE-Drivers-1101-SKN-BNR-767x224-M","alt":"Your weekly haul just got better","assetId":"9cbcbba8-66b9-4541-87b2-98228616eae9","assetName":"3787325-006-FY24-FOOD-Weekly-Trip-SITE-Drivers-1101-SKN-BNR-767x224-M.jpg"},"backgroundColor":null,"heading":{"title":"Your weekly haul just got better","fontColor":"#2e2f32"},"subHeading":{"title":"Everyday low prices on groceries \u0026 more","fontColor":"#2e2f32"},"bannerCta":[{"textColor":"#2e2f32","uid":"-7dXfKUk","ctaType":"link","ctaLink":{"title":"Shop now","linkText":"Shop now","clickThrough":{"value":"https://www.walmart.com/cp/groceries-essentials/1735450?povid=976759_SkinnyBanner_7998220_Alcohol_103123","rawValue":"https://www.walmart.com/cp/groceries-essentials/1735450?povid=976759_SkinnyBanner_7998220_Alcohol_103123"}}}]},"publishedDate":1700260072694,"moduleId":"719293fe-f1cb-4146-8cdb-f8155d61c04e","module_id":"719293fe-f1cb-4146-8cdb-f8155d61c04e","matchedTrigger":{"pageType":"ContentPage","pageId":"7998220","zone":"contentZone18","inheritable":false}},{"name":"Skinny Banner - TasteMade - Holiday Meals CP - 12.1.23","type":"SkinnyBanner","version":3,"status":"published","schedule":{"start":null,"end":"2024-01-04T08:00Z","priority":1,"expEnabled":false},"triggers":[{"pageType":"ContentPage","pageId":"976759","zone":"contentZone26","inheritable":false},{"pageType":"ContentPage","pageId":"7998220","zone":"contentZone23","inheritable":false}],"configs":{"__typename":"TempoWM_GLASSWWWSkinnyBannerConfigs","bannerType":"POV","desktopBannerHeight":"200px","bannerImage":{"src":"https://i5.walmartimages.com/dfw/4ff9c6c9-e255/k2-_5b40c2b6-1dcd-4cc3-bc39-714895ea039d.v1.jpg","title":"TastemadePlus LTO Skinny Banner 2","alt":"Start 6 free months of Tastemade+ today","assetId":"TastemadePlus LTO Skinny Banner 2.jpg","assetName":"TastemadePlus LTO Skinny Banner 2.jpg"},"mobileBannerHeight":"100px","mobileImage":{"src":"https://i5.walmartimages.com/dfw/4ff9c6c9-fafb/k2-_fa9c5eff-3716-42e6-8f91-d9c450e097f7.v1.jpg","title":"3787325-006-FY24-FOOD-Weekly-Trip-SITE-Drivers-1101-SKN-BNR-767x224-M","alt":"Start 6 free months of Tastemade+ today","assetId":"9cbcbba8-66b9-4541-87b2-98228616eae9","assetName":"3787325-006-FY24-FOOD-Weekly-Trip-SITE-Drivers-1101-SKN-BNR-767x224-M.jpg"},"backgroundColor":null,"heading":{"title":"Start 6 free months of Tastemade+ today","fontColor":"#2e2f32"},"subHeading":{"title":"Enjoy award-winning food shows \u0026 more","fontColor":"#2e2f32"},"bannerCta":[{"textColor":"#2e2f32","uid":"sOMLUWDE","ctaType":"link","ctaLink":{"title":"Claim this offer","linkText":"Claim this offer","clickThrough":{"value":"http://www.walmart.com/plus/program?programName=tastemade\u0026benefitPromoId=tastemade23\u0026povid=976759_SkinnyBanner_7998220_TasteMade_120123","rawValue":"http://www.walmart.com/plus/program?programName=tastemade\u0026benefitPromoId=tastemade23\u0026povid=976759_SkinnyBanner_7998220_TasteMade_120123"}}}]},"publishedDate":1702064793330,"moduleId":"36296787-91d1-4bfa-b6c3-d1b7fb7841bf","module_id":"36296787-91d1-4bfa-b6c3-d1b7fb7841bf","matchedTrigger":{"pageType":"ContentPage","pageId":"7998220","zone":"contentZone23","inheritable":false}},{"name":"GenericCopyBlock Module, Tuesday, June 14, 2022, 10:28:26:97 pm","type":"GenericCopyBlock","version":2,"status":"published","schedule":{"start":null,"end":null,"priority":10,"expEnabled":false},"triggers":[{"pageType":"ContentPageGlobal","pageId":"global_evergreen","zone":"bottomZone5","inheritable":false}],"configs":{"__typename":"TempoWM_GLASSWWWGenericCopyBlockConfigs","catCopyBlock":"\u003ch2\u003eHow do I make a waffle board for a holiday breakfast?\u003c/h2\u003e\u003cp\u003eTo make a waffle board for the holidays, start with a large wooden cutting board. Place any food you have in containers first like whipped cream, syrups, peanut butter, hazelnut spread, or chocolate chips. Then, set small stacks of waffles near the containers, and fill open spaces with fresh fruits. Think berries, sliced bananas, kiwi fruit, and mandarin oranges. Next to the waffle board, add a platter of cooked bacon and link sausage for a scrumptious holiday breakfast.\u003c/p\u003e\u003ch2\u003eWhat are some easy holiday cocktails?\u003c/h2\u003e\u003cp\u003eFor a pretty pomegranate mimosa, line the bottom of a champagne glass with about a teaspoon of pomegranate seeds. Fill about 1/3 of the glass with pomegranate juice and the rest with champagne. This cocktail offers a beautiful color, and you can watch the pomegranate seeds float gently to the top of the glass. For more easy holiday cocktails, serve mulled wine, eggnog spiked with brandy, and hard seltzers in flavors like peppermint or ginger snap.\u003c/p\u003e\u003ch2\u003eWhat are some no-bake desserts I can make for the holidays?\u003c/h2\u003e\u003cp\u003eDipped pretzels are a no-bake dessert that people of all ages love. Dress up dipped pretzels with crushed peppermint or red and green sprinkles for the holidays. For another dipped treat, spread peanut butter between two round crackers and coat with dark chocolate dip. Use a small spoon to drizzle vanilla dip over the top for a fancy, holiday look.\u003c/p\u003e"},"publishedDate":1700688907491,"moduleId":"6c35fd37-03b4-4fa8-abd4-d1c4bde13f05","module_id":"6c35fd37-03b4-4fa8-abd4-d1c4bde13f05","matchedTrigger":{"pageType":"ContentPageGlobal","pageId":"global_evergreen","zone":"bottomZone5","inheritable":false}},{"name":"NEW CategoryRelatedShelves Thu Oct 12 2023 10:36 AM PDT","type":"CategoryRelatedShelves","version":4,"status":"published","schedule":{"start":null,"end":null,"priority":10,"expEnabled":false},"triggers":[{"pageType":"ContentPageGlobal","pageId":"global_evergreen","zone":"bottomZone4","inheritable":false}],"configs":{"__typename":"TempoWM_GLASSWWWCategoryRelatedShelves","seoCategoryRelmData":{"relm":[{"id":"7757875","url":"/browse/food/fresh-holiday-bakery/976759_1567409_7998220_1547665_7757875","name":"Fresh Holiday Bakery"},{"id":"8304135","url":"/browse/food/holiday-meal-household-essentials/976759_1567409_7998220_4305948_8304135","name":"Holiday Meal Household Essentials"},{"id":"8319119","url":"/browse/food/brunch/976759_1567409_7998220_4305948_8319119","name":"Brunch"},{"id":"9323015","url":"/browse/food/desserts/976759_1567409_7998220_4305948_9323015","name":"Desserts"},{"id":"9626751","url":"/browse/food/all-holiday-baking/976759_1567409_7998220_1547665_9626751","name":"All Holiday Baking"},{"id":"9745499","url":"/browse/food/three-kings-day/976759_1567409_7998220_4305948_9745499","name":"Three Kings Day"},{"id":"dessert-gift","url":"/c/kp/dessert-gift","name":"Dessert Gift"},{"id":"holiday-fl","url":"/c/kp/holiday-fl","name":"Holiday Fl"},{"id":"old-fashioned-kit","url":"/c/kp/old-fashioned-kit","name":"Old Fashioned Kit"},{"id":"seasonal-food","url":"/c/kp/seasonal-food","name":"Seasonal Food"}]}},"publishedDate":1698363869026,"moduleId":"6895b2cc-0ece-4631-b0c5-e1d2390c024b","module_id":"6895b2cc-0ece-4631-b0c5-e1d2390c024b","matchedTrigger":{"pageType":"ContentPageGlobal","pageId":"global_evergreen","zone":"bottomZone4","inheritable":false}},{"name":"NEW GenericSEOFAQModule Thu Oct 05 2023 9:50 PM PDT","type":"GenericSEOFAQModule","version":8,"status":"published","schedule":{"start":null,"end":null,"priority":10,"expEnabled":false},"triggers":[{"pageType":"ContentPage","pageId":"9874843","zone":"bottomZone4","inheritable":false},{"pageType":"ContentPageGlobal","pageId":"global_evergreen","zone":"bottomZone3","inheritable":false},{"pageType":"BrowsePage","pageId":"global_evergreen","zone":"bottomZone5","inheritable":false},{"pageType":"BrowsePageByCategory","pageId":"4757760","zone":"bottomZone5","inheritable":false}],"configs":{"__typename":"TempoWM_GLASSWWWGenericSEOFAQModuleConfigs","seoFaqList":null},"publishedDate":1700089590849,"moduleId":"b7ae9d11-2a1f-49c4-8ee7-10f2e7794a4c","module_id":"b7ae9d11-2a1f-49c4-8ee7-10f2e7794a4c","matchedTrigger":{"pageType":"ContentPageGlobal","pageId":"global_evergreen","zone":"bottomZone3","inheritable":false}}],"layouts":[{"id":"pageSplitResponsive","layout":{"type":"pageSplitResponsive","name":"Responsive Layout with LHN \u0026 Top Nav","definition":{"type":"container","flow":"vertical","content":[{"flow":"horizontal","type":"container","style":{"customStyles":"mh0"},"content":{"id":"topContent","type":"slot","mapping":[{"type":"ZONE","options":{"refId":"topZone1"}},{"type":"ZONE","options":{"refId":"topZone2"}},{"type":"ZONE","options":{"refId":"topZone3"}},{"type":"ZONE","options":{"refId":"topZone4"}},{"type":"ZONE","options":{"refId":"topZone5"}}]}},{"flow":"horizontal","type":"container","style":{"customStyles":"mh0"},"content":[{"flow":"vertical","type":"container","style":{"gridColumns":12,"customStyles":"nl2 nr2","lgGridColumns":3},"content":{"id":"leftContent","type":"slot","mapping":[{"type":"ZONE","options":{"refId":"leftZone1"}},{"type":"ZONE","options":{"refId":"leftZone2"}},{"type":"ZONE","options":{"refId":"leftZone3"}},{"type":"ZONE","options":{"refId":"leftZone4"}},{"type":"ZONE","options":{"refId":"leftZone5"}}]}},{"flow":"vertical","type":"container","style":{"gridColumns":12,"customStyles":"nl2 nr2 ph3-l ph4-xl nl3-xl","lgGridColumns":9},"content":{"id":"centerContent","type":"slot","mapping":[{"type":"ZONE","options":{"refId":"contentZone1"}},{"type":"ZONE","options":{"refId":"contentZone2"}},{"type":"ZONE","options":{"refId":"contentZone3"}},{"type":"ZONE","options":{"refId":"contentZone4"}},{"type":"ZONE","options":{"refId":"contentZone5"}},{"type":"ZONE","options":{"refId":"contentZone6"}},{"type":"ZONE","options":{"refId":"contentZone7"}},{"type":"ZONE","options":{"refId":"contentZone8"}},{"type":"EXTERNAL","options":{"refId":"atfMarker","tempoLabel":"ATF Marker","displayInTempo":true}},{"type":"ZONE","options":{"refId":"contentZone9"}},{"type":"ZONE","options":{"refId":"contentZone10"}},{"type":"ZONE","options":{"refId":"contentZone11"}},{"type":"ZONE","options":{"refId":"contentZone12"}},{"type":"ZONE","options":{"refId":"contentZone13"}},{"type":"ZONE","options":{"refId":"contentZone14"}},{"type":"ZONE","options":{"refId":"contentZone15"}},{"type":"ZONE","options":{"refId":"contentZone16"}},{"type":"ZONE","options":{"refId":"contentZone17"}},{"type":"ZONE","options":{"refId":"contentZone18"}},{"type":"ZONE","options":{"refId":"contentZone19"}},{"type":"ZONE","options":{"refId":"contentZone20"}},{"type":"ZONE","options":{"refId":"contentZone21"}},{"type":"ZONE","options":{"refId":"contentZone22"}},{"type":"ZONE","options":{"refId":"contentZone23"}},{"type":"ZONE","options":{"refId":"contentZone24"}},{"type":"ZONE","options":{"refId":"contentZone25"}},{"type":"ZONE","options":{"refId":"contentZone26"}},{"type":"ZONE","options":{"refId":"contentZone27"}},{"type":"ZONE","options":{"refId":"contentZone28"}},{"type":"ZONE","options":{"refId":"contentZone29"}},{"type":"ZONE","options":{"refId":"contentZone30"}}]}}]},{"flow":"horizontal","type":"container","style":{"customStyles":"mh0"},"content":{"id":"bottomContent","type":"slot","mapping":[{"type":"ZONE","options":{"refId":"bottomZone1"}},{"type":"ZONE","options":{"refId":"bottomZone2"}},{"type":"ZONE","options":{"refId":"bottomZone3"}},{"type":"ZONE","options":{"refId":"bottomZone4"}},{"type":"ZONE","options":{"refId":"bottomZone5"}}]}}]},"channel":{"id":"87674fe3-1742-4650-8e11-8d0c6acfe836","status":"ACTIVE"},"status":"ACTIVE","version":"1.279-SNAPSHOT 1702532823994 jenkinspan"}},{"id":"contentPageSplitDesktop","layout":{"type":"contentPageSplitDesktop","name":"Content Page - Desktop with LHN \u0026 Top Nav","definition":{"type":"container","flow":"vertical","content":[{"flow":"horizontal","type":"container","content":{"id":"topContent","type":"slot","mapping":[{"type":"ZONE","options":{"refId":"topZone1"}},{"type":"ZONE","options":{"refId":"topZone2"}},{"type":"ZONE","options":{"refId":"topZone3"}},{"type":"ZONE","options":{"refId":"topZone4"}},{"type":"ZONE","options":{"refId":"topZone5"}}]}},{"flow":"horizontal","type":"container","content":[{"flow":"vertical","type":"container","style":{"gridColumns":3},"content":{"id":"leftContent","type":"slot","mapping":[{"type":"ZONE","options":{"refId":"leftZone1"}},{"type":"ZONE","options":{"refId":"leftZone2"}},{"type":"ZONE","options":{"refId":"leftZone3"}},{"type":"ZONE","options":{"refId":"leftZone4"}},{"type":"ZONE","options":{"refId":"leftZone5"}}]}},{"flow":"vertical","type":"container","style":{"gridColumns":9},"content":{"id":"centerContent","type":"slot","mapping":[{"type":"ZONE","options":{"refId":"contentZone1"}},{"type":"ZONE","options":{"refId":"contentZone2"}},{"type":"ZONE","options":{"refId":"contentZone3"}},{"type":"ZONE","options":{"refId":"contentZone4"}},{"type":"ZONE","options":{"refId":"contentZone5"}},{"type":"ZONE","options":{"refId":"contentZone6"}},{"type":"ZONE","options":{"refId":"contentZone7"}},{"type":"ZONE","options":{"refId":"contentZone8"}},{"type":"EXTERNAL","options":{"refId":"atfMarker","tempoLabel":"ATF Marker","displayInTempo":true}},{"type":"ZONE","options":{"refId":"contentZone9"}},{"type":"ZONE","options":{"refId":"contentZone10"}},{"type":"ZONE","options":{"refId":"contentZone11"}},{"type":"ZONE","options":{"refId":"contentZone12"}},{"type":"ZONE","options":{"refId":"contentZone13"}},{"type":"ZONE","options":{"refId":"contentZone14"}},{"type":"ZONE","options":{"refId":"contentZone15"}},{"type":"ZONE","options":{"refId":"contentZone16"}},{"type":"ZONE","options":{"refId":"contentZone17"}},{"type":"ZONE","options":{"refId":"contentZone18"}},{"type":"ZONE","options":{"refId":"contentZone19"}},{"type":"ZONE","options":{"refId":"contentZone20"}},{"type":"ZONE","options":{"refId":"contentZone21"}},{"type":"ZONE","options":{"refId":"contentZone22"}},{"type":"ZONE","options":{"refId":"contentZone23"}},{"type":"ZONE","options":{"refId":"contentZone24"}},{"type":"ZONE","options":{"refId":"contentZone25"}},{"type":"ZONE","options":{"refId":"contentZone26"}},{"type":"ZONE","options":{"refId":"contentZone27"}},{"type":"ZONE","options":{"refId":"contentZone28"}},{"type":"ZONE","options":{"refId":"contentZone29"}},{"type":"ZONE","options":{"refId":"contentZone30"}}]}}]},{"flow":"horizontal","type":"container","content":{"id":"bottomContent","type":"slot","mapping":[{"type":"ZONE","options":{"refId":"bottomZone1"}},{"type":"ZONE","options":{"refId":"bottomZone2"}},{"type":"ZONE","options":{"refId":"bottomZone3"}},{"type":"ZONE","options":{"refId":"bottomZone4"}},{"type":"ZONE","options":{"refId":"bottomZone5"}}]}}]},"channel":{"id":"87674fe3-1742-4650-8e11-8d0c6acfe836","status":"ACTIVE"},"status":"ACTIVE","version":"1.279-SNAPSHOT 1702532823994 jenkinspan"}},{"id":"base","layout":{"type":"base","name":"Base","definition":{"type":"container","flow":"vertical","content":[{"flow":"vertical","type":"container","content":{"id":"mainContentSlot","type":"slot","mapping":[{"type":"ZONE","options":{"refId":"topZone1"}},{"type":"ZONE","options":{"refId":"topZone2"}},{"type":"ZONE","options":{"refId":"topZone3"}},{"type":"ZONE","options":{"refId":"topZone4"}},{"type":"ZONE","options":{"refId":"topZone5"}},{"type":"ZONE","options":{"refId":"leftZone1"}},{"type":"ZONE","options":{"refId":"leftZone2"}},{"type":"ZONE","options":{"refId":"leftZone3"}},{"type":"ZONE","options":{"refId":"leftZone4"}},{"type":"ZONE","options":{"refId":"leftZone5"}},{"type":"ZONE","options":{"refId":"contentZone1"}},{"type":"ZONE","options":{"refId":"contentZone2"}},{"type":"ZONE","options":{"refId":"contentZone3"}},{"type":"ZONE","options":{"refId":"contentZone4"}},{"type":"ZONE","options":{"refId":"contentZone5"}},{"type":"ZONE","options":{"refId":"contentZone6"}},{"type":"ZONE","options":{"refId":"contentZone7"}},{"type":"ZONE","options":{"refId":"contentZone8"}},{"type":"EXTERNAL","options":{"refId":"atfMarker","tempoLabel":"ATF Marker","displayInTempo":true}},{"type":"ZONE","options":{"refId":"contentZone9"}},{"type":"ZONE","options":{"refId":"contentZone10"}},{"type":"ZONE","options":{"refId":"contentZone11"}},{"type":"ZONE","options":{"refId":"contentZone12"}},{"type":"ZONE","options":{"refId":"contentZone13"}},{"type":"ZONE","options":{"refId":"contentZone14"}},{"type":"ZONE","options":{"refId":"contentZone15"}},{"type":"ZONE","options":{"refId":"contentZone16"}},{"type":"ZONE","options":{"refId":"contentZone17"}},{"type":"ZONE","options":{"refId":"contentZone18"}},{"type":"ZONE","options":{"refId":"contentZone19"}},{"type":"ZONE","options":{"refId":"contentZone20"}},{"type":"ZONE","options":{"refId":"contentZone21"}},{"type":"ZONE","options":{"refId":"contentZone22"}},{"type":"ZONE","options":{"refId":"contentZone23"}},{"type":"ZONE","options":{"refId":"contentZone24"}},{"type":"ZONE","options":{"refId":"contentZone25"}},{"type":"ZONE","options":{"refId":"contentZone26"}},{"type":"ZONE","options":{"refId":"contentZone27"}},{"type":"ZONE","options":{"refId":"contentZone28"}},{"type":"ZONE","options":{"refId":"contentZone29"}},{"type":"ZONE","options":{"refId":"contentZone30"}},{"type":"ZONE","options":{"refId":"bottomZone1"}},{"type":"ZONE","options":{"refId":"bottomZone2"}},{"type":"ZONE","options":{"refId":"bottomZone3"}},{"type":"ZONE","options":{"refId":"bottomZone4"}},{"type":"ZONE","options":{"refId":"bottomZone5"}}]}}]},"channel":{"id":"87674fe3-1742-4650-8e11-8d0c6acfe836","status":"ACTIVE"},"status":"ACTIVE","version":"1.279-SNAPSHOT 1702532823994 jenkinspan"}}],"pageMetadata":{"location":{"pickupStore":"1700","deliveryStore":"1700","intent":"SHIPPING","postalCode":"92064","stateOrProvinceCode":"CA","city":"Poway","storeId":"1700","accessPointId":null,"accessType":null,"spokeNodeId":null},"pageContext":{}}},"seoCategoryMetaData":{"metaDesc":"Shop for Holiday food at Walmart.com. Buy Seasonal cocktails, desserts, plant-based mains, sides, sweets, drinks, protein, pastries. Save money. Live better.","metaTitle":"Holiday Food - Walmart.com","metaCanon":"https://www.walmart.com/cp/holiday-food/7998220","metaKW":null,"noIndex":false,"primaryPathId":"0/976759/1567409/7998220"}},"headers":{}},"categoryPageId":"7998220","pageUrl":"/content/holiday-food/7998220?page=1\u0026sort=alpha","psych":{"isDesktop":true,"isBot":false,"isMobile":false,"trafficType":"customer","browserName":"Chrome","visitType":"rv_c","previousAppVersion":"us-web-1.106.1-a4825f50961cb2cde8a88357cc99e8ada972f5fa-1214"},"isomorphicSessionId":"7_G-EnIqbqkqu5YG7A482","trace":{"traceId":"1a424ca1c3f076e8af6f64c6de60e2a1","spanId":"c410f470c8326b6e","traceFlags":0},"isCaching":false,"queryContextCacheId":1779,"bootstrapData":{"account":{"data":{"account":null}},"cart":null,"header":{"data":{"contentLayout":{"modules":[{"name":"New GlobalHamburgerNav Module, Monday, February 01, 2021, 10:56:25:63 am","type":"GlobalHamburgerNav","moduleId":"e5695db1-03c9-4ad8-87b1-3ecc7f36139a","matchedTrigger":{"zone":"hamburgerNav"},"configs":{"subCategory":[{"subLinks":[{"link":{"linkText":"Purchase History","title":"Purchase History","clickThrough":{"value":"/orders"},"uid":"lClciGBL"},"icon":"Receipt"},{"link":{"linkText":"My Items","title":"My Items","clickThrough":{"value":"/my-items"},"uid":"-CR6cbCJ"},"icon":"Reorder"},{"link":{"linkText":"Account","title":"Account","clickThrough":{"value":"/account"},"uid":"UEvH7Fxj"},"icon":"User"}]},{"subLinks":[{"link":{"linkText":"Help","title":"Help","clickThrough":{"value":"/help"},"uid":"8IhExTJt"},"icon":"QuestionCircle"}]},{"subLinks":[{"link":{"linkText":"Lists","title":"Lists","clickThrough":{"value":"/lists"},"uid":"X1LAJGJ_"},"icon":"Heart"},{"link":{"linkText":"Registries","title":"Registries","clickThrough":{"value":"/cp/gifts-registry/1094765"},"uid":"1AXmIt42"},"icon":"Gift"}]}]}}]}},"headers":{}},"footer":{"data":{"contentLayout":{"modules":[{"name":"Full Footer Module - 10.25.22","type":"GlobalFooterLinks","matchedTrigger":{"zone":"footerZone1"},"configs":{"subLinks":[{"link":{"linkText":"All Departments","title":"All Departments","clickThrough":{"type":"url","value":"/all-departments","rawValue":"/all-departments"},"uid":"qxfQLilq"},"isSFLink":"False","openInNewTab":"False"},{"link":{"linkText":"Store Directory","title":"Store Directory","clickThrough":{"type":"url","value":"/store/directory","rawValue":"/store/directory"},"uid":"Mqjgq01i"},"isSFLink":"False","openInNewTab":"True"},{"link":{"linkText":"Careers","title":"Careers","clickThrough":{"type":"url","value":"https://careers.walmart.com/","rawValue":"https://careers.walmart.com/"},"uid":"xSXQZgLP"},"isSFLink":"False","openInNewTab":"True"},{"link":{"linkText":"Our Company","title":"Our Company","clickThrough":{"type":"url","value":"https://corporate.walmart.com/","rawValue":"https://corporate.walmart.com/"},"uid":"1LGhsg1W"},"isSFLink":"False","openInNewTab":"True"},{"link":{"linkText":"Sell on Walmart.com","title":"Sell on Walmart.com","clickThrough":{"type":"url","value":"https://marketplace.walmart.com/?utm_source=Walmart.com\u0026utm_medium=link\u0026utm_campaign=footer","rawValue":"https://marketplace.walmart.com/?utm_source=Walmart.com\u0026utm_medium=link\u0026utm_campaign=footer"},"uid":"ruChBupf"},"isSFLink":"False","openInNewTab":"True"},{"link":{"linkText":"Help","title":"Help","clickThrough":{"type":"url","value":"/help","rawValue":"/help"},"uid":"sF8XalaR"},"isSFLink":"False","openInNewTab":"False"},{"link":{"linkText":"COVID-19 Vaccine Scheduler","title":"COVID-19 Vaccine Scheduler","clickThrough":{"type":"url","value":"https://www.walmart.com/cp/flu-shots-immunizations/1228302","rawValue":"https://www.walmart.com/cp/flu-shots-immunizations/1228302"},"uid":"mkSSzU5_"},"isSFLink":"False","openInNewTab":"False"},{"link":{"linkText":"Product Recalls","title":"Product Recalls","clickThrough":{"type":"url","value":"https://corporate.walmart.com/recalls","rawValue":"https://corporate.walmart.com/recalls"},"uid":"6WfEW3Zs"},"isSFLink":"False","openInNewTab":"True"},{"link":{"linkText":"Accessibility","title":"Accessibility","clickThrough":{"type":"url","value":"https://www.walmart.com/help/article/responsible-disclosure-and-accessibility-policies/0f173dab8bd942da84b1cd7ab5ffc3cb","rawValue":"https://www.walmart.com/help/article/responsible-disclosure-and-accessibility-policies/0f173dab8bd942da84b1cd7ab5ffc3cb"},"uid":"nH94lRDz"},"isSFLink":"False","openInNewTab":"True"},{"link":{"linkText":"Tax Exempt Program","title":"Tax Exempt Program","clickThrough":{"type":"url","value":"https://www.walmart.com/taxexempt/","rawValue":"https://www.walmart.com/taxexempt/"},"uid":"MSqG1z1p"},"isSFLink":"False","openInNewTab":"True"},{"link":{"linkText":"Get the Walmart App","title":"Get the Walmart App","clickThrough":{"type":"url","value":"https://walmart.onelink.me/UIev?pid=walmart.com\u0026af_web_dp=https%3A%2F%2Fwww.walmart.com%2Fcp%2Fwalmart-mobile-app%2F1087865\u0026c=Walmart.com%20Site%20Footer\u0026af_dp=walmart%3A%2F%2F","rawValue":"https://walmart.onelink.me/UIev?pid=walmart.com\u0026af_web_dp=https%3A%2F%2Fwww.walmart.com%2Fcp%2Fwalmart-mobile-app%2F1087865\u0026c=Walmart.com%20Site%20Footer\u0026af_dp=walmart%3A%2F%2F"},"uid":"fBlESY-s"},"isSFLink":"False","openInNewTab":"False"},{"link":{"linkText":"Sign-up for Email","title":"Sign-up for Email","clickThrough":{"type":"url","value":"https://www.walmart.com/cp/email-opt-in/8196352?gbo=1","rawValue":"https://www.walmart.com/cp/email-opt-in/8196352?gbo=1"},"uid":"wdxkv1Zu"},"isSFLink":"False","openInNewTab":"False"},{"link":{"linkText":"Safety Data Sheet","title":"Safety Data Sheet","clickThrough":{"type":"url","value":"http://msds.walmartstores.com/","rawValue":"http://msds.walmartstores.com/"},"uid":"snKdw1ZD"},"isSFLink":"False","openInNewTab":"False"},{"link":{"linkText":"Terms of Use","title":"Terms of Use","clickThrough":{"type":"url","value":"/help/article/walmart-com-terms-of-use/3b75080af40340d6bbd596f116fae5a0","rawValue":"/help/article/walmart-com-terms-of-use/3b75080af40340d6bbd596f116fae5a0"},"uid":"ZIN3lfkK"},"isSFLink":"True","openInNewTab":"False"},{"link":{"linkText":"Privacy \u0026 Security","title":"Privacy \u0026 Security","clickThrough":{"type":"url","value":"https://corporate.walmart.com/privacy-security","rawValue":"https://corporate.walmart.com/privacy-security"},"uid":"NcSEmFEh"},"isSFLink":"True","openInNewTab":"True"},{"link":{"linkText":"California Supply Chain Act","title":"California Supply Chain Act","clickThrough":{"type":"url","value":"https://corporate.walmart.com/california-transparency","rawValue":"https://corporate.walmart.com/california-transparency"},"uid":"saB0OxA1"},"isSFLink":"True","openInNewTab":"True"},{"link":{"linkText":"Your Privacy Choices","title":"Your Privacy Choices","clickThrough":{"type":"url","value":"https://www.walmart.com/account/api/ccpa-intake?native=false\u0026app=gm\u0026type=sod","rawValue":"https://www.walmart.com/account/api/ccpa-intake?native=false\u0026app=gm\u0026type=sod"},"uid":"J_2kgrFD"},"isSFLink":"True","openInNewTab":"True"},{"link":{"linkText":"Notice at Collection","title":"Notice at Collection","clickThrough":{"type":"url","value":"https://corporate.walmart.com/privacy-security/california-privacy-rights#what-are-the-categories-of-personal-information-collected","rawValue":"https://corporate.walmart.com/privacy-security/california-privacy-rights#what-are-the-categories-of-personal-information-collected"},"uid":"BEYc38cp"},"isSFLink":"True","openInNewTab":"True"},{"link":{"linkText":"Request My Personal Information","title":"Request My Personal Information","clickThrough":{"type":"url","value":"https://www.walmart.com/account/api/ccpa-intake?native=false\u0026app=gm\u0026type=access","rawValue":"https://www.walmart.com/account/api/ccpa-intake?native=false\u0026app=gm\u0026type=access"},"uid":"bBv2y0Gq"},"isSFLink":"True","openInNewTab":"True"},{"link":{"linkText":"Brand Shop Directory","title":"Brand Shop Directory","clickThrough":{"type":"url","value":"https://www.walmart.com/brand/branddirectory","rawValue":"https://www.walmart.com/brand/branddirectory"},"uid":"yCGpfrgV"},"isSFLink":"False","openInNewTab":"False"},{"link":{"linkText":"#IYWYK","title":"#IYWYK","clickThrough":{"type":"url","value":"https://www.walmart.com/cp/walmart-in-the-know/7781927","rawValue":"https://www.walmart.com/cp/walmart-in-the-know/7781927"},"uid":"JWKSWcyU"},"isSFLink":"False","openInNewTab":"False"},{"link":{"linkText":"Walmart Business","title":"Walmart Business","clickThrough":{"type":"url","value":"https://business.walmart.com/","rawValue":"https://business.walmart.com/"},"uid":"hQ8BOrKC"},"isSFLink":"False","openInNewTab":"False"}]}}]}},"headers":{}},"cv":{"account":{"_all_":{"hideMobileVerificationNotNowLink":false,"enableAccountDWeb":true,"isLoginRedirectionEnabled":false,"enableMyItemsMenu":true,"registriesUrl":"/my-registries","enableGoogleAutoComplete":true,"enablePaidBusinessPlusPlan":false,"enablePostalCodeMessage":false,"enableWPlusMembershipMode":true,"vetNameCharacterLimit":29,"enableAccountWallet":true,"ccpaUrl":"/account/ccpa-reporting","enableMultipleInHomeAddresses":true,"enableGuidedDeliveryPhase2":false,"enableZipcodeInAddressSelector":false,"showSignInNudgeDweb":true,"enableTaxExemptRedesign":false,"customCakeUrl":"https://www.walmart.com/order-ahead/cake","enableLanguageSelection":false,"enableDigitalRewards":true,"communicationAndPrivacyUrl":"/account/communications-and-privacy","digitalRewardsUrl":"https://www.walmart.com/cp/8301756","enableEbtFraud":true,"enableLocationErrorMessageImprovement":true,"protectionPlanUrl":"/protection-plans","enchancedAccountPharmacyUrl":"https://www.walmart.com/cp/5431","enableItemSubscriptionRamp":false,"reorderUrl":"https://www.walmart.com/my-items","enableValueTracker":true,"ccpaNewRequestUrl":"https://www.walmart.com/account/api/ccpa-intake?native=false\u0026amp;type=access","autoCareCenterUrl":"https://www.walmart.com/cp/auto-services/1087266","enablePhoneCollection":true,"businessMaximumNumberOfUserToInvite":5,"enableAddressLineOneAutofill":false,"enableInHomeAddress":true,"vuduLibraryUrl":"https://video.walmart.com/content/account/purchasehistory","enableHSAFSA":true,"disablePersonalInfoRequestsLink":false,"eBookUrl":"https://www.walmart.com/account/redirect/kobo?page=library","enableLocationAutoComplete":true,"isInHomeEnabled":true,"enableSpendAnalyzer":false,"enableInHomeLocationPreference":true,"enableNextBestAction":true,"enableAccountMWeb":true,"enableSubscriptionModule":false,"enableAVSOverrideGoogleAutoComplete":true,"enablePartialFulfillmentSwitching":false,"enablePostalCodeOnly":false,"walmartPlusUrl":"https://www.walmart.com/grocery/account/plus/overview","listsUrl":"/lists","showSignInNudgeMWeb":true,"geoFenceRadiusInMeter":804,"placeholder":1,"enableYourProfileSection":true,"enableWalmartPlus":true,"clinicNameCharacterLimit":80,"itemSubscriptionUrl":"https://www.walmart.com/m/deals/subscriptions/manage","enableGarage":true,"enableWalmartPlusPreference":true,"walmartAssociateUrl":"https://www.walmart.com/account/associate-discount","pharmacyUrl":"https://www.walmart.com/pharmacy/dashboard","enableFeatureCommsAndPrivacy":true,"enableAvsOverride":true,"shouldUpdateCartAfterUpdateZipcode":true,"isFCShippingEnabled":true,"enablePhoneNumberOnPersonalInfo":false,"disableAddressOnEmptyLatLong":false,"enableItemSubscription":true,"isMobileVerificationEnabled":false,"enablePetRxAwarenessBanner":false,"enableRemovePWState":true,"enablePetHubPage":true,"enablePetsCarousel":true,"enablePetRxWebUrl":"https://www.walmart.com/cp/8328098","uTypeValue":"'[\"beta\"]'","enableInHomeEdit":true,"enableMemberModePersonalization":false,"disablePRAutoComplete":false,"enablePetRxAutoRefill":true,"disableGuestUserAutocomplete":false,"enableEGiftCardLinkFix":true,"enableAccountApiOptimization":true,"enablePetsLink":true,"enableAddressValidationErrorPopupUpdate":true,"enablePetRx":false,"isRewardsEnabled":true,"enableCharityOfChoice":true,"enableAccountMenuOptimization":true}},"cart":{"_all_":{"enableAuthErrorFix":true,"enableItemUpdates":true,"cartQueryStaleTime":240000,"enablePartialCheckout":true,"enableLeanModeSFL":false,"enableWplusCashback":false,"enableSingletonATF":false,"enableForceFooterVisibility":true,"enableFullPagePAC":true,"enableExpandModeForSubscriptionItems":false,"defaultSalesWeight":0.25,"enableGXOSignInNudge":true,"enableCapOneRewards":true,"enableSFLCarouselTopPlacement":false,"enableGuestCheckout":true,"enableACCOnPAC":false,"enableLeanModeATC":true,"enableDetailedPartialXoLabel":false,"enableFreeDeliveryThreshold":false,"enableCartWplusBannerPickup":true,"enableWplusThirtyDaystrial":true,"showPersonalization":true,"enableAvailableFinancingOptions":false,"enableCartWplusBannerNoSlotSelected":true,"enableAddOnServicesPAC":true,"enableSFLPriceDrop":false,"enableCarePlansAndHomeServices":true,"enableShippingLabel":true,"enableSetShippingOrDeliveryMutation":true,"enableSubstituteOOSV2":true,"enableOmniPromise":true,"enableEnhancedEmptyCart":true,"enableWirelessPostpaid":true,"sflCountPerPagination":20,"enableSFLBackInStock":false,"enableNewSignInBenefitCards":true,"enableInHomeDelivery":true,"enableEarlyAccess":true,"enablePickupNotAvailable":false,"enableLastCallNonRoutine":false,"disableGetCartCSR":false,"enableInpDeferStepperDispatch":false,"enablePostLoadDeals":true,"enablePAC":true,"enableFulfillmentChangeInOOS":false,"enableNonConfigBundles":true,"showATCSuccessSnackBarForItemPageNonPac":true,"enableSigninBenefits":true,"enableFPCEHeader":true,"enableWplusFulfillmentBanner":true,"enableHelium":true,"enableFFCollapseMode":false,"enableLoadAfterATF":false,"enableIbotta":true,"enableCXOPrefetch":true,"enableAccSchedulingDiscoverabilityV3":false,"enableItemSwitchableTempBadge":false,"disableCommaInHeader":false,"enableAEBadge":true,"enableCartLevelMSI":false,"enableATCAnimation":false,"enableGetCartAuthErrorRefetch":true,"enableCapOne":true,"enableWeightedItems":false,"enableWideProductImages":true,"enableWalmartPlusIntegratedSignUp":true,"enableItemSwitchableBadge":false,"enableATCRateLimitingMessage":true,"enableATCOptimization":true,"enableFeeThresholdBar":false,"enableSubstituteOOS":true,"enableSmartNudges":true,"enableACCScheduling":true,"enableCartLight":false,"enablePartialSwitchModuleLevel":false,"enableGroceryPAC":true,"enableCallouts":false,"enableAffirm":true,"enableItemNotSwitchableBadge":false,"enablePriceChange":true,"enableLastCallFullPage":false,"enableEbt":true,"enableWplus":true,"enableSFL":true,"enableShipInsteadAtItemLevel":true,"enablePickupNotAvailableVariation2":false,"enableSetPickupMutation":true,"enableWirelessFreebiePromo":true,"enableCartGIC":true,"enableRegistry":true,"disableCartIconPriceTotal":false,"enableHotCartFeature":false,"enableShippingIntent":true,"enableLeanMode":true,"enableCartWplusBannerTempo":true,"disableEstTotalOnMweb":false,"enableQueueing":true,"enableFFModuleHideUnhideCarrot":true,"enableProductTileV2":true,"enableFulfillmentHeadersV2":true,"leanModeRetryLimit":1,"enableFulfillmentGroupId":true,"enableLastCall":true,"enableFPCEAosVariant":4,"enableAccSchedulingFindStores":true,"enableOOSHotFix":true,"enableGICSpeedFilter":false,"enableFreeAmendAndReturn":false,"enableFreeShippingAndPickup":true,"enableSFLPerformanceMode":false,"enableOnXoMoveOosToSfl":false,"enableClearMergeCartSFL":true,"enableShopSimilar":true,"enableATFGiftingUI":false,"enableCartBookslotShortcut":true,"enablePACCheckout":false,"enablePickUpSwitchSubscriptionPopup":true,"enablePFS":false,"enableCartWplusBannerShippingMoreThanMin":true,"enableEnhancedItemUpdates":true,"showSubscriptionGuestLoginBanner":false,"initialSFLCount":10,"enableClearMergeCartId":true,"enableExpressReservationEndTime":false,"hideGuestXOCTA":true,"enableFulfillmentChoice":false,"enableSplashRouteAddition":false,"disableItemLevelMSI":false,"enableGiftingCheckbox":true,"enableFulfillmentContentEnhancement":false,"enableSignInFromCart":true,"enableOOSAlertScroll":true,"disableGuestPartialXO":true,"enableStoreSnackBarMessage":false,"enableStyliticsClassicQuickShop":false,"enableLoopItemUpdates":true,"enableShopSimilarForPickup":false,"homeScriptSrc":"https://web-assets.stylitics.com/v3-moodboard/latest/moodboard.release.js","enableVisionSFL":false,"enableSSRRedirect":false,"enableReturnsLabel":true,"enableHide3pSellerName":false,"enableILCCSwitchFix":false,"enableSFLMoveToCartOptimization":true,"enableACCNonServiceableErrorUI":true,"enablelastCallOptimizatation":true,"enableEarlyRecos":false,"enableCTLQuickShopLabel":false,"enableFullPageSignin":true,"disableP13nOnPAC":false,"enableILCCHotFix":false,"projectThunderbolt":true,"enableLargeImagesMWeb":false,"homeUsername":"walmart","enableStylisticsMoodBoardDesign":false,"enableWplusBannersPostCartLoadPage":true,"disableNoTimesMessage":true,"slotShortcutMaxSlotReqCount":15,"slotShortcutGetSlotsQueryCacheTime":30000,"enableShopTheModelBadge":false,"enableCTLProductTitle":true,"numberOfMpSeller":20,"enableClipRewards":true,"enableRecommendationsPhase2":true,"apparelScriptSrc":"https://web-assets.stylitics.com/v3-classic/latest/classic.release.js","enableWplusGuestBanner":true,"enablePACRedirectOnDismiss":true,"enableFCTodayTomorrowHeader":true,"enableOrderCutOffLSTimezone":true,"mpPickupSessionTime":72,"enableIntentControl":true,"enableStyliticsMoodboardQuickShop":false,"enableVetDietVetCancellation":true,"enableOrderCutOffLiveTimer":false,"enableVisionNoRxCheckout":false,"enableI18n":0,"enableEnhancedSavings":true,"enableVetApprovalRequired":true,"enableBenefitSavings":true,"enableMPStoreSelector":true,"enableSmileyPricing":true,"enableACCVariant":1,"enableCTLMultipleLooks":true,"enableWplusOldBannerUI":true,"enableCTLQuickShop":true,"enableCompleteTheLook":true,"enableStylistics":false,"apparelUsername":"walmart","enableGenericWalmartCash":true,"enableSlotShortcutImplicitIntent":true,"enableSFLGrid":true,"enableCrossPollination":true,"enableMpPickupPhase2":true,"enableLastCallPhase2":false,"enableExpressUpsell":true,"enableEvergreenFee":true,"enableCompleteTheLookLabels":false,"enableOnePl":false,"enableMiniCart":false,"visionOrderProperties":"'[\"prescription_type\",\"lens_type\",\"lens_material\",\"lens_color\",\"lens_add_ons\"]'","enableStarRatings":false,"enablePromoDiscount":true,"enableSSR":false,"enableOfferIdInUrl":false,"enableSFLSmileyPrice":true,"enableVisionItems":false,"hideAcquisitionCardBanners":false,"disableCartPartialIntentWarning":true,"enableOrderCutOffTimeInline":true,"enableMultiline":true,"enablePetRxVetCancellation":true,"enablePACAOSVariants":1,"enableWplusRemoveBannersCardCheck":true,"enableAccModalOnItemPage":true,"enableStylisticsCLS":false,"enableFulfillmentFunnel":true,"enableHideOrderCutOffAtSLAGroupLevel":false,"savingsRecommendationTextV2":false,"calculateFooterPositionOnResize":true}},"bookslot":{"_all_":{"gmStoreMessageForNoUSPSlot":true,"enableEvergreenSlot":true,"enableWirelessPostpaid":true,"enableReReserveSlot":true,"enablePriorityTimesIntegratedSignup":true,"walmartPlusFreeDelivery":true,"expressDeliveryOnlyStores":true,"enableWalmartPlusIntegratedSignUp":true,"hidePickupSlotPrice":true,"alcoholRestrictedSlotsFilterEnable":true,"disableMergeAndGetCartCSR":true,"enableWplusCashback":false,"enableEarliestAvailableSlotPreselection":false,"enableBlockRegistrantAddressDelivery":true,"enableFulfillmentIntent":true,"enableInventoryAwareMPPickup":true,"enableNoSlotPreselectionOnTabSwitch":false,"enableStoreBrandFormat":false,"enableSlotPreSelectionV2":true,"enableEarliestAvailableDayPreselection":false,"enablePickupOnShippingIntent":true,"enableNoPickupSlotSelectionForDefaultStore":true,"enableWalmartPlus":true,"nodeSelectableOnlineEnable":true,"enableStoreHours":true,"enableCityStateZipcodeAdaptiveInput":true,"hideStoreChooserDefaultAlert":true,"enableInputTypeAhead":true,"enableCityAndStateInput":true,"tempoCacheExpirationInSeconds":300,"enablePriorityTimes":true,"enableReservationNotAcceptableFix":true,"enableStoreSelectorFeedback":true,"enableStoreSelectorResiliency":false,"enableExpressSlotIsSelectableLogicFix":true,"maxCountOfStoresForInventory":8,"disableFreeDeliveryBannerForExpressOnlyStores":true,"enablePreselectionV2UserIntentOverReservation":false,"enableInHomeAmPmSlots":true,"enableInHomeSlotsQueryHeader":true,"mergeSlotsEnable":true,"refreshCPOnStoreChange":false,"enablePremiumSlotsBranding":false,"enableCityAndStateInputForPickupStore":true,"enableCityStateInputValidation":true,"enableEvergreenHolidayDiscount":true,"enableHolidayFreeExpressNewUI":true,"enableUseCurrentLocation":true,"enableInHomeAmPmSlotsPhase2":true,"enableUseCurrentLocationFromBrowser":true,"evergreenWPlusMemberHolidayDiscountStrikeoutPrice":"5","enableStorePagesAndFinderPhase2":true,"enableAccSlotExpansion":true,"enableWplusOldBannerUI":true,"enableInhomeTipFreePriceLabel":true,"enableStoreSelectorMarketplacePickup":true,"enableAllSlotsUnavailableMessageTypesFix":true,"enableACCStoreSelectorOnSlotsUnavailable":true,"enableFulfillmentOptionURLParam":true,"enablePassCartIdAcidCheckStoreSelector":true,"enableZeroDeliverySlotPriceFree":false,"projectThunderbolt":true,"enableACCStoreSelectorErrorHandling":true,"enableEvergreenFee":true,"enableDeliveryStoreSelectorInHomeSupport":true,"evergreenNonMemberHolidayDiscountStrikeoutPrice":"12.95","disableSlotShortcutInGIC":false,"enableAvailableForInstallationText":true,"enableMultipleInhomeAddresses":true,"enablePassCartIdAcidCheck":true,"bookslotShortcutMaxSlotReqCount":21,"enableUnauthorizedAccessToCartErrorFix":true,"enableDeliveryFromStoreInfoModule":true,"enableDeliveryAddressFromSlotData":true,"enableHideInstoreCheckmark":true,"enableLocalizedStringInBookSlot":false,"enableWplusRemoveBannersCardCheck":true,"enableBookslotMobileSticky":true,"enableCartFulfillmentOption":true,"enableStorePagesAndFinder":true,"enableNoSlotsAvailableScreen":true,"enableStoreSelectorUnauthorizedAccessToCartErrorFix":true,"enableEvergreenSlotBranding":true}},"header":{"_all_":{"enableInpClickSearchInputField":false,"hideServiceWidget":true,"showNavLinks":true,"enableRedesignedHeader":false,"enableFetchAlertBarCSR":false,"fetchLocation":false,"maxCalloutsPerBSTC":4,"enableNavClickability":true,"globalNavCacheVariation":"","enableReorder":false,"enableInpSearchBarAndIcon":false,"showOptOut":false,"heartingEnhancementsEnable":false,"enableSuppressAlertBarOnMweb":false,"enableTADropdown":false,"calloutViewsPerIdPerBSTC":1,"enableGIC":true,"flyOutExpandOnClick":true,"enableNonStickyHeader":false,"navLinks":"'[{\"name\": \"Grocery\",\"link\": \"https://www.walmart.com/cp/1735450\"},{\"name\": \"Tech\",\"link\": \"https://www.walmart.com/cp/electronics/3944\"},{\"name\": \"Fashion\",\"link\": \"https://www.walmart.com/cp/clothing/5438\"},{\"name\": \"Home\",\"link\": \"https://www.walmart.com/cp/home/4044\"},{\"name\": \"Patio \u0026 garden\",\"link\": \"https://www.walmart.com/cp/patio-garden/5428\"},{\"name\": \"National donut day\",\"link\": \"https://www.walmart.com/shop/national-donut-day\"},{\"name\": \"Deals\",\"link\": \"https://www.walmart.com/shop/deals\"},{\"name\": \"Walmart+\",\"link\": \"https://www.walmart.com/plus\"}]'","isAlertBarEnabled":true,"fetchLocationCSROnLoad":true,"enableWplusRedesignTheme":false,"enableResponsiveHF":true,"enableLightweightHeader":false,"enableWalmartCashInNav":false,"calloutViewsPerIdPerVTC":2,"calloutsEnabled":true,"enableL0SeoLinksForItemPage":true,"showAddressLineOne":true,"enableStickyGIC":true,"enabledGICRetentionPrompt":false,"enableL0SeoLinksForAllPage":false,"enableWplusLogoOnSiteHeader":true,"enableMultipleInhomeAddresses":true,"enableGicResiliency":false,"enableGoogleEnhancedPlaceActions":true,"enableLocalizedStringInGIC":false,"enableGICAutoShowOnSessionStart":false,"enableDeliveryStoreSelection":true}},"pulse":{"_all_":{"alwaysAllowedTagList":"","enableScriptDefer":false,"logLevel":"info","enableATFMarker":true,"enableV1Schema":true,"enableQuantumMetric":false,"enableBeaconDefer":false}},"footer":{"_all_":{"enableXOFeedback":true,"hideSignupForEmailLink":false,"enableNativeAppDownloadBottomsheet":true,"timeIntervalInHoursNativeAppInstallPrompt":24,"enableDownloadOurApp":false,"enableDbQrDownloadBottomSheet":true,"dbQrDownloadBottomSheetSecondaryMessageText":"Use the app to get up-to-date store prices and find items with store maps.","feedbackTenantName":"","timeIntervalInHoursDbQrNativeAppInstallBottomSheet":168,"enableShopOurBrandsSection":false,"enableSocialMediaLinks":false,"feedbackFetchMigrationToPlatformFetch":true,"maxNumberOfDbQrDownloadBottomSheetViews":1,"hideGiveFeedbackSection":true,"dbQrDownloadBottomSheetPrimaryMessageText":"Want to check store prices?","enableQuickLinkSection":false,"enableNativeAppDownloadStickyBanner":true,"enableRemarketingEmailSignup":false,"hideContactNumber":false,"enableInStoreWifiAppPrompt":true,"maxNumberOfNativeAppInstallPrompt":2,"enableEmailSignup":false,"enablePrivacyLinkUpdate":true,"enableForceB2BLogout":true,"isFullFooterEnabled":false}},"shared":{"_all_":{"ssrNavBrowserAllowList":"Chrome","enablePreOwnedExperience":true,"showCashbackProgressBar":false,"enableWrongStoreReminderDays":0,"enableEBTCheckBalance":true,"itemReservationsBannerText":"left to buy your item","enableInpMemoCarousel":false,"enableSmileNowPricing":true,"enableMedalliaScript":false,"enableExpandedGiftingEligibility":true,"substitutionItemPriceAndQuantityClarity":true,"enableSubscriptionsInTransaction":true,"enableFulfillmentDisplay":false,"enableDigitalRewards":false,"enableInHomeGuidedDelivery":true,"enableLiquorBoxAlcoholExpansionCartBookslot":true,"cspReportOnlyOverrides":"","enableFullPageCart":true,"enableHubAndSpoke":true,"enableCartParallelFetch":true,"queueRefetchInterval":5000,"enableBuyNowWallet":true,"queueMaxRefetchDuration":900000,"subscriptionManagePageUrl":"/subscriptions/manage","multiSiteRedirectUrl":"https://business.walmart.com/","enableLanguagePreferenceDialog":false,"enableAstCookie":true,"enableDynamicOptionsFeedback":true,"enableSinglePageXO":true,"hideFulFillmentLabel":false,"tmxPathnameRulesDisallowCSV":"^/$,^/ip/,^/search,^/browse,^/shop,^/cp,^/content","enableWplusSignUpOffer":true,"substitutionsOptInClarity":true,"enableInpDeferProductTileLink":false,"enableDynamicMainReducer":false,"helpLinkMPReturnPolicy":"https://www.walmart.com/help/article/walmart-marketplace-return-policy/63c3566a9d3546858582acae2fbfdb7e","enableSSRNavigation":true,"helpLinkTermsOfUse":"https://www.walmart.com/help/article/walmart-com-terms-of-use/3b75080af40340d6bbd596f116fae5a0","enableNewCookieSerializer":false,"enableSpendLimit":false,"enableMultiStorePickup":false,"enablePersistedQueries":true,"enableQueueingCtaRedirection":false,"legacySiteEbtRedirectEnabled":false,"enableHolidayFreeExpressDelivery":true,"enableDifferentCaptchaMethod":false,"enableAdSessionId":true,"disableGetCartSSR":true,"enableAEDynamicPromise":true,"businessRewardsThresholdAmount":"{ \"default\": 250 }","helpLinkStorePurchase":"https://www.walmart.com/help/article/view-store-purchases/f56a1afbf3b5428bb69f0124daa49108","enableReferToFriendIntl":false,"tmxPathnameRulesAllowCSV":"^/cart\\\\b,^/(wallet|payments|partner\\\\Wplus|plus|wmcash)/,^/checkout/(pindrop|review-order),^/account/(phoneverification|profile|plus\\\\Wmanage|payment\\\\Wmethods|giftcards\\\\Wbalance)","enableHotPacSessionTime":0,"enableLawnAndGarden":true,"enableAutoTmxForAll":true,"enableGicEngagement":true,"enableMPPickupBottomSheet":false,"enableSlotsParallelFetch":true,"enableWalmartPlusFreeDiscountedExpress":true,"enableExpressSla":true,"aeModuleHeaderText":"Free pickup","enableSinglePaymentForm":true,"enablePersistedCartId":true,"legacySiteDirectspendingRedirectEnabled":false,"enableUngatedSubscription":false,"enableFeedbackSubmitPageType":true,"enableOutOfStockFiltering":false,"enableBuyNowCXORedirect":false,"helpLinkMobileAlertsTerms":"https://www.walmart.com/help/article/mobile-alerts-terms-of-use/499122d9bba94d08b50e8facf42fcc82","bookSlotPersistentFilterEnable":false,"enableProductCarouselCSR":false,"enableHpRedesign":true,"enableProgressiveCss":false,"enableSpendAnalyticsPhaseTwo":false,"enableTileImageEarlyHint":false,"enableACCVariant":0,"legacySiteNGRedirectEnabled":false,"enableKlarnaBNPL":false,"enableBuyMore":false,"enableWrongStore":0,"enableGICHot":false,"enableBuyNow":true,"enableChargeForSubs":true,"enableSubscriptionForTenant":true,"enableNoOrderMinimumFee":false,"savingsRecommendationFlag":2,"enableManufacturersCoupons":false,"enableSubscriptionsInTransactionScFulfillment":true,"enableDigitalRewardsHistoryV2":false,"enableBusinessOfferCenter":false,"cvEndpoint":"rest","enableSinglePaymentFormWallet":true,"enableQueueing":true,"helpLinkReturnRefunds":"https://www.walmart.com/help/channel/returns-and-refunds/5a33a1f61af8479e9d1bd8b727e9e761","foo":false,"enableBadges":true,"enableItemLevelCheckout":false,"enablePreOwnedBadges":true,"enableWeeklyReservationCartBookslot":false,"bootstrapVersion":"PROD-2.0","enableGICSpeedFilter":false,"enableNewPrivacyBanner":false,"enableHotPostATC":0,"enableMOQ":false,"enableBenefitTracker":true,"placeholder":"US-B2C","enableSubscriptionsPetRxInTransaction":false,"aeModuleHeaderVariation":"variation2","enableInpDeferredRouter":false,"enableAutoTmx":false,"enableListLandingView":true,"enablePFS":false,"enableCSRBootstrapCall":true,"enableGICOnboarding":false,"enableFeedbackGqlMigration":true,"legacySiteInhomeRedirectEnabled":false,"enableLaunchMultiSiteLogoffConfirmationModal":true,"enableSubscriptionDiscounts":false,"enableWaitingHallway":true,"enableGuidedDelivery":true,"enableWmtpcBenefitCard":true,"queueTimeToCompletePurchase":10,"beaconWithQuantumMetrics":false,"enableGifting":true,"enableBuyNowAOS":false,"enableInHomeNudge":false,"enablePartialSwitchModuleLevelCartBookslot":false,"enableOneTimePurchaseDefault":false,"enableNeedHelpOptions":false,"disableAuthHeaderCheck":false,"enableSplitMetric":true,"enableGICBookslot":true,"cacheFullFooterVersion":1,"enableIbotta2xRewards":false,"enableEnhancedCarouselTiles":true,"accSlotShortcutMaxSlotCount":5,"enableSustainabilityBadge":false,"enableOnlyAtWalmartBadge":false,"proSellerBadgeVisibilityType":2,"enableDisplayStartTimeOnlyForACC":false,"isIncludeIphoneMetaTagAfilliateLinks":false,"enableCsp":true,"enableSmileSaveBadge":false,"enableWplusRetentionNudge":true,"enableStoreChooserDefaultAlertFromGIC":true,"enableFPO":true,"enableFloatingAddToOrder":true,"cacheFooterExpireDurationMs":600000,"enableBuyNowSFLPrompt":false,"enableLocalizedStringForReservationText":false,"enablePetRxManualRefill":true,"enableBuyNowPromiseMessage":true,"enableIphoneUrlParams":false,"cacheFullFooterExpireDurationMs":600000,"enableStoreSelectorDefaultStoreAlertFromItemPage":true,"enableFastRefundCredit":true,"enableCheckoutProp65":true,"downlinkThreshold":"","enableOrderDeviceInfo":false,"enableEvergreenSlotBranding":true,"enableWplusACCPayForServiceOnline":false,"enableQueueSizeIncrease":true,"enableACCSchedulingUpsell":false,"mpaSkipURLPatterns":"","enableBuyNowFreeShippingNudge":false,"promoDiscountVisibilityType":"checkbox","enableAccUpsellVariant":1,"cacheHeaderVersion":1,"enableACCShipInsteadCTA":false,"cacheHeaderExpireDurationMs":600000,"enableBuyNowSavings":false,"enableSmileWasPricing":false,"enableBuyNowHot":false,"enableHPO":true,"enableWplusProgramId":true,"enableProductTileSmileyVariant":true,"cacheFooterVersion":1,"enableRebrandRewardsToCash":false,"enableBenefitBadge":true,"enableDxgyBroadscaleWalmartCash":false,"enableBuyNowAspectiva":true,"enableLocalizedStringForReservation":false,"enableEnhancedCarouselTilesByCategory":"5438","enableBuyNowTYUrl":true}},"help":{"_all_":{"chatBotLibraryUrl":"//i5.walmartimages.com/dfw/63fd9f59-b3fe/cacb9a65-3942-4c41-a277-b29649242d39/v1/botchat.js","disableGuestUsers":true,"enableContentUpdates":true,"showEmailPhone":false,"helpGQLCookieName":"helpgql","contactUsEmail":"help@customercare.walmart.com","enableHelpChatTextRetention":true,"contactUsPhone":"1-800-WALMART","enableRedesignExperience":true,"enableThreatMetrixProfiling":true,"chatBotProxyUrl":"https://www.walmart.com/orchestra/helpChat/api","enableChatErrorHandling":true,"enableAppleChat":false,"enableTempoQAL":true,"showChatBot":true,"enableFetchToken":true,"triggerChatFromReturnsPage":true,"chatBotUrl":"https://chat.walmart.com/glass/proxy/v3/directline/tokens/generate","enableStoreFeedbackBanner":true,"searchSuggestionAmount":4,"faqLink":"https://www.walmart.com/help","searchResultsPerPage":10,"enableHelpChatMinimizeOnBlur":true,"enableTagChatAutoPopup":"dWeb","enableUniversalChat":true,"chatBotCSSUrl":"//i5.walmartimages.com/dfw/63fd9f59-b3fe/cacb9a65-3942-4c41-a277-b29649242d39/v1/wm-glass-botchat.css","postMVPFeatureEnable":true,"enableSpanishChat":false,"buggySafariRegEx":"(iPod|iPhone|iPad).+ Version/(1([5-6]))|CriOS","enableLoginModal":true,"enableHelpGQL":true,"enableStoreFeedback":true}},"contentpage":{"_all_":{"enableResponsiveSideNav":true,"enableNoResult":false,"smileVariation":2,"use1xQualityImage":false,"enableTopNav":true,"enableGenericFAQConfig":true,"enableSkinnyBanner":true,"noOfQuestionsToShow":3,"hwPageIds":"1042239,1078664,1078666,1078944,1224932,1228302,1679751,1894700,1898283,2766660,3423461,3769564,3917374,4097505,4101489,4208394,4289766,4379404,4499988,4851429,5075911,5431,5454755,6084505,6730561,7104730,7246282,8910931,9508321,9638815","enablePartialRender":false,"enableLeftHandNavDesign":true,"enableHreflangs":false,"wplusContentPageIds":"8131648","enablePageNotFound":false,"responsiveSideNavEligibleCategories":"5431,1228302,4101489,1894700,5454755,1078664,9508321,4851429,3769564,1042239,8910931,1078666,1078944,9638815","enableCopyBlock":true,"enableDepartmentGridDesign":false,"enableLeadForm":true,"leftHandNavEligibleCategories":"5438,133162,133195,3523459,133197,3891,7712430,1045804,9360765,5800740,1908812,5788073,3377730,6347057,1335384,1071204,8174172,3717275,9055522,1072864,1546896,5428,91416,4125,91083,1229749,1086045,3462603,4161,2636,133073,3944,2637,976793,9569500,976789,976787,976794,976782,976783,976779,9176907,1096070,976780,2975985,976791,3701649,3513393,7128585,1086446,1001320,1005862,1115193,3495493,976760,4661388,3771182,1396434,2571007,1005860,3460237,1544540,1231757,8157003,8213469,976798,5523094,1100706,1005863,1085666,1007219,1007039,1007040,5427,133283,486190,91365,118134,86323,414099,132943,6529511,978579,491351,540912,4718514,4350993,4114611,7552000,2299833,1086304,5358743,6824908,976759,1076905,1089430,7052607,4044,103150,1334134,639999,90828,133012,539095,110892,539105,4038,539103,90548,623679,1231327,90546,539386,102547,4047,1229486,4171,4718514,976798,8636404,1105910,1072335,1699525,1073085,2899782,133277,5525941,1229723,3475115,9206773,4646529,3951,1078524,1720130,1083166,6662018,6120851,7669778,7634768,5440,202072,202073,202074,1001299,1166769,1005859,6833286,228734,4024509,1060825,1095191,77622,1229875,126297,1088766,4104,4096,5454301,1071969,1007221,1007220,1056884,1229019,3920,582053,8571041,9451768,1735450,6972993,6106579,8638707,4288449,6513821,1932863,1414629,1077545,617941,617942,1105635,1077724,4172,4186,1081404,132873,14521,1230089,8561687,5848968,4187,5431,1228302,4101489,5454755,1078664,9508321,4851429,3769564,1224932,1078944,9638815,5271784,7924299,133225,3884472,2444681,7204689,5636258,532459,4294413,1102183,4037,133113,2622648,1045881,5208936,6718514,4510225,9516159,4191,645779,4173,6502732,4134,4089,1102182,6061364,1229594,4091,546956,97116,133020,6177615,4232946,1011919,1032619,1228441,2033628,7007010,7756661,7333633,9035881,1106132,1767021,8331331,4549164,1111647,2724815,9877415,1107532,4128,4155,1001659,1001680,1001321,7404214,7472650,9379334,9573311,112776,6338015,1229722,1075805,111667,1067617,1031899,1161932,1067618,1231459,1045879,8641540,9332706","enableHWBreadcrumb":false,"oilEligibleCategories":3304723,"productLimit":40,"enableProductTileCollection":false,"enableRewardHistory":true,"cpProcessingEnable":true}},"ads":{"_all_":{"adPreviousResponseNullCheck":false,"cpMq1RenderEnable":false,"sbaBannerDesignV3Intl":false,"ipMq1RenderEnable":true,"ipSkReqEnable":true,"enableGetPvId":true,"bpMq2Measure1PEnable":true,"measure3PImpEnable":true,"sbaBrandLabelEnable":false,"bpSkReqEnable":true,"adPreviewMode":false,"adShowAtcFieldEnable":true,"hpMq1Measure1PEnable":true,"hpMq1Measure3PEnable":true,"spSkRenderEnable":true,"bpSpc1ReqEnable":true,"displayUnitWrapperUnmount":true,"enableBrowseAdsRerender":true,"displayCheckIp":false,"updateAdV2QueryUbsEnable":true,"ipBr1Measure3PEnable":true,"cpSkRenderEnable":false,"phSkRenderEnable":true,"ipBr1Measure1PEnable":true,"adManualShelfIdCheck":true,"hpGalMeasure1PEnable":true,"hpGalMeasure3PEnable":true,"spSkMeasure1PEnable":true,"displaySbaLogospQs":true,"adSpClipBeaconEnable":true,"spSkMeasure3PEnable":true,"ipBr1EarlyLoadRootMargin":0,"bpSpc1Measure1PEnable":true,"typMq1ReqEnable":true,"sbaMwebRedesignV2Enable":false,"hpGalRenderEnable":true,"odpSkRenderEnable":true,"adSPIncrementDecrementCheck":true,"spMq1Measure1PEnable":true,"odpSkMeasure1PEnable":true,"odpSkReqEnable":true,"typMq1Measure1PEnable":true,"displaySpMyItems":true,"typSkMeasure3PEnable":true,"bpMq1Measure1PEnable":true,"spMq2ReqEnable":true,"updateAdV2Query2StoreEnable":false,"bpSkRenderEnable":true,"ipMq1Measure1PEnable":true,"odpSkConfigModuleLocation":"top","spSvAdsEligibleBeaconEnable":true,"displayPreviousRenderCheck":true,"spSkReqEnable":true,"hpMq1ReqEnable":true,"bpBigMeasure1PEnable":true,"sbaMwebRedesignV1Enable":true,"ipSkMeasure3PEnable":true,"ipMq2Measure3PEnable":true,"hpMq2Measure3PEnable":true,"spVideoAdsMobileStyling":true,"displayDeduplication":true,"bpMq2Measure3PEnable":true,"blockInternal":true,"ipSkRenderEnable":true,"cpMq2RenderEnable":false,"ipMq2ReqEnable":true,"phSkMeasure1PEnable":true,"ipMq2RenderEnable":true,"sbaBannerLabelEnable":false,"spMq2Measure3PEnable":true,"adResponseBeaconEnable":true,"phSkReqEnable":true,"displayProductPos":true,"hpGalReqEnable":true,"spMq2Measure1PEnable":true,"useLegacyBtfCmp":false,"spSbaDesignIterationsValue":0,"displayOrderDeduplication":true,"cacheBusterTimeDiffMs":180000,"enableStackedRecallTracking":true,"odpSkConfigLazy":400,"bpMq2ReqEnable":true,"spMq1RenderEnable":true,"enableGalleryReRender":false,"bpSkMeasure3PEnable":true,"bpSkMeasure1PEnable":true,"spMq2RenderEnable":true,"enableInGridInViewBeaconFix":true,"ipSpc2Measure1PEnable":true,"enableProductBrandOnBeacon":false,"displayPoVAdBlockerEnable":true,"spSvDisableBadges":true,"myitemsMeasure1PEnable":true,"bpMq1ReqEnable":true,"displayAddlInfo":true,"adsXpa":"wA4s1,KFmHO,2U022,kLTe3,SK3g0,Uu0h6,Ahrqe,rUz5r,8iEA9,-5ZDV","typMq1RenderEnable":true,"bpMq1RenderEnable":true,"hpMq2RenderEnable":true,"bpMq2RenderEnable":true,"moatIvt":"https://www.walmart.com/swag/v2/ip-rd","hpMq1RenderEnable":true,"ipSpc2ReqEnable":true,"phSkConfigLazy":400,"ipBr1RenderEnable":true,"displayProductsPos":false,"spSvMwebLoadingFixEnable":true,"enableBrandBoxEarlyLoad":false,"odpSkMeasure3PEnable":true,"typMq1Measure3PEnable":true,"typSkRenderEnable":true,"hpP13nMeasure1PEnable":true,"typSkMeasure1PEnable":true,"spSvGridPositionBeacon":true,"adViewableGmBeaconCheck":true,"ipSkMeasure1PEnable":true,"spMq1Measure3PEnable":true,"ipSpc1ReqEnable":true,"phSkConfigModuleLocation":"top","lazyRenderCmp":false,"ipMq1Measure3PEnable":true,"phSkMeasure3PEnable":true,"safeframeURL":"https://i5.walmartimages.com/dfw/63fd9f59-d6ba/07b8ea82-184c-4ea3-8ac0-5dc1981e40c8/v33/safeframe.html","typSkReqEnable":true,"displayPPMMode":true,"bpMq1Measure3PEnable":true,"ipSpc1Measure1PEnable":true,"ipMq1ReqEnable":true,"ipMq2Measure1PEnable":true,"hpMq2Measure1PEnable":true,"spMq1ReqEnable":true,"ipBr1MinScreenHeight":768,"ipP13nMeasure1PEnable":true,"spSpc1ReqEnable":true,"adCategoryTakeoverCheck":true,"hpMq2ReqEnable":true,"spSpc1Measure1PEnable":true,"hpPovLockoutPriorityEnable":true,"ipBr1ReqEnable":true,"spSvplaysInline":true,"spSvLoopCompleteEventEnable":true,"ipMq1DSPEnable":true,"enableHpRedesignXPA":true,"opAllAdsEnableAdsBtfCmpV3":false,"ipBr1VideoDSPEnabled":true,"pacSkDisableTopPadding":false,"bpSkFeedbackEnable":true,"bpMq2FeedbackEnable":true,"pacSkMeasure3PEnable":false,"hpAbF4Measure3PEnable":true,"pacSkMeasure1PEnable":false,"adsHpControlGroupXpa":"T0FRM,HP1Ng,YJYo7,YzvhK","spSvInViewRemoveVideoData":true,"enableVideoTracker":true,"enableIpBr1CreativeV1":true,"hpAbF4Measure1PEnable":true,"bpSpcEnableAdsBtfCmpV3":false,"spSigFeedbackEnable":true,"sbaUiEnhanceEnable":false,"spSvUiAlphaUpdate":true,"ipMq1FeedbackEnable":true,"cartP13nMeasure1PEnable":true,"enableBlendedSpAdsVariation":false,"hpGalAdViewableGmBeaconFix":true,"hpRedesignVisitedXpa":"hprXp","ipMq2Version":"","spSvHideTabletVideo":true,"bpSigFeedbackMobileEnable":false,"shpSkRenderEnable":true,"adsControlGroupXpa":"T0FRM,HP1Ng,YJYo7,YzvhK","moatRefactorEnable":false,"bpDacBottomReqEnable":false,"ipMq2FeedbackMobileEnable":false,"fillEmptyLocWithProductLocEnable":false,"enableAdV3Query":false,"bpMq1DSPEnable":true,"bpSkFeedbackMobileEnable":false,"hpAbF5Measure3PEnable":true,"hpGpbFs1Measure3PEnable":true,"hpGpbFs1DSPEnable":true,"infoIconClickEnable":true,"spSvRenderedImpressionEnable":true,"spTrackingRefactorEnable":true,"defaultLocationZipCode":"","spMq2FeedbackMobileEnable":false,"bpGalBottomMeasure3PEnable":false,"enableMqCreativeV1":true,"dspViewabilityTracking":true,"openRTBDisplayAdsBundleSafeframeURL":"https://i5.walmartimages.com/dfw/63fd9f59-afe1/7adb6fe1-4149-4ebe-b4c7-2ea1921d4a19/v34/openrtb-template-wrapper.html","hpTpFs2ReqEnable":true,"typMq1DSPEnable":true,"ipBbReqEnable":true,"shpSingleTTO2Measure3PEnable":false,"hpAbF5ReqEnable":true,"shpSkEnableAdsBtfCmpV3":false,"enableGalleryItemChanges":true,"spGalBottomMeasure1PEnable":false,"spSigFeedbackMobileEnable":false,"pacSkDSPEnable":false,"spGalBottomRenderEnable":false,"ipSkFeedbackMobileEnable":false,"ipGalTopMeasure1PEnable":false,"enableSponsoredRedirectParam":true,"spGalBottomDSPEnable":false,"ipGalMiddleMeasure1PEnable":false,"unfilledAdResponseBeaconEnable":false,"hpSpcEnableAdsBtfCmpV3":false,"hpAbF5FeedbackEnable":false,"spGalRenderEnable":false,"enableGalleryMultipleLocations":true,"spDacBottomReqEnable":false,"enableGalleryV2Design":true,"hpAbF5DSPEnable":false,"hpTpFs2RenderEnable":true,"adResponseBeaconRefactorEnable":true,"bpGalBottomDSPEnable":false,"typAllEnableAdsBtfCmpV3":false,"ipMq2FeedbackEnable":true,"adRequestBeaconEnable":false,"bpMq2FeedbackMobileEnable":false,"spMq1DSPEnable":true,"spSbaDesignIterationsEnable":false,"shpSingleTTO1Measure3PEnable":false,"adsSubscriptionPriceEnable":true,"ipGalMiddleReqEnable":false,"hpGalMiddleReqEnable":true,"hpGpbFs3DSPEnable":true,"contentPageClickBeaconEnable":true,"bpMq2DSPEnable":true,"spSvViewableBeaconEnable":true,"bpGalMeasure1PEnable":false,"useSearchBrowseBtfCmp":false,"hpAbF4RenderEnable":true,"spSvV2HookEnable":true,"bpMq1FeedbackMobileEnable":false,"hpGpbFs1ReqEnable":true,"typSkDSPEnable":true,"bpGalRenderEnable":false,"enableCreativeTypeBeacon":true,"bpSigFeedbackEnable":true,"bpMq1FeedbackEnable":true,"updatedAdBlockerDetectionEnabled":true,"enableSeasonalColorOption":false,"spSvLazyLoadingEnable":true,"ipGalMiddleRenderEnable":false,"pacSkReqEnable":false,"hpGpbFs1Measure1PEnable":true,"spGalMeasure1PEnable":false,"spSkEnableAdsBtfCmpV3":false,"enableBbWPlusEA":true,"shpSigMeasure1PEnable":false,"bpGalBottomRenderEnable":false,"shpSingleTTO2ReqEnable":false,"displayIdentifyAdServer":true,"ipMq2DSPEnable":true,"ipAllAdsEnableAdsBtfCmpV3":false,"bpMqEnableAdsBtfCmpV3":false,"enableCenterAlignBrandBox":false,"feedbackForVideoRefactor":false,"shpSingleTTO2Measure1PEnable":false,"addSpVideoNaBeacon":true,"spMq2FeedbackEnable":true,"enableAdSmilePricing":true,"enableLegalDisclaimerSponsored":true,"hpTpFs1ReqEnable":true,"shpSkMeasure1PEnable":true,"hpGalMiddleMeasure3PEnable":true,"enableSvTestAds":false,"spAtcTrackBeaconFix":true,"bpGalReqEnable":false,"spSkDSPEnable":true,"spSvYabasVideoModuleViewEnable":true,"spMqEnableAdsBtfCmpV3":false,"videoEarlyloadOffset":1200,"shpSingleTTO2RenderEnable":false,"videoViewabilityFix":true,"hpTpFs1Measure1PEnable":true,"hpMqEnableAdsBtfCmpV3":false,"shpSingleTTO1RenderEnable":false,"spMq1FeedbackEnable":true,"hpTpFs1DSPEnable":true,"spGalDSPEnable":false,"ipSkFeedbackEnable":true,"videoCCEnable":true,"hpAbF4FeedbackEnable":false,"hpMq2DSPEnable":true,"hpTpFs2FeedbackEnable":false,"adSpBuyNowBeaconEnable":false,"spSvAutoGenCcDisclaimerEnabled":true,"sponsoredLabelTextColor":"#74767C","hpTpFs1Measure3PEnable":true,"bpSkDSPEnable":true,"hpGpbFs2FeedbackEnable":false,"ipGalTopReqEnable":false,"spGalMiddleDSPEnable":false,"spSvContainerEnable":true,"enableMyitemsBlending":false,"spSkFeedbackMobileEnable":false,"spSigMeasure1PEnable":true,"hpTpFs2Measure3PEnable":true,"spGalReqEnable":false,"hpTpFs2Measure1PEnable":true,"videoPerformanceTrackerEnable":true,"ipMq1FeedbackMobileEnable":false,"revertViewabilityTimerFix":false,"hpGalMiddleMeasure1PEnable":true,"hpGalMiddleDSPEnable":true,"spGalMeasure3PEnable":false,"hpGpbFs3ReqEnable":true,"shpSkReqEnable":true,"spIbottaEnable":true,"hpGpbFs3RenderEnable":true,"hpGalMiddleFontChangesEnable":true,"hpGpbFs2RenderEnable":true,"defaultLocationStateCode":"","spSvPlmtMacroReplaceEnable":true,"bpSkEnableAdsBtfCmpV3":false,"enableAdUnitVersion":false,"enableAdsBtfCmpV3":false,"buyBoxVariations":"3","bpGalDSPEnable":false,"enableSearchGalleryMaxWidth":false,"hpTpFs3DSPEnable":true,"spMq1FeedbackMobileEnable":false,"hpGpbFs2Measure1PEnable":true,"hpGpbFs1RenderEnable":true,"enableMyitemsSortPlacementBeacon":true,"display3PVisibilityCheck":true,"spSvFeedbackEnable":false,"shpSkMeasure3PEnable":true,"hpGpbFs3Measure3PEnable":true,"hpGalMiddleFeedbackEnable":false,"disableLowPriorityBeacons":false,"shpSingleTTO1ReqEnable":false,"povMrcFix":true,"ipGalTopRenderEnable":false,"hpTpFs3Measure1PEnable":true,"hpTpFs3Measure3PEnable":true,"ipGalMiddleDSPEnable":false,"hpTpFs1RenderEnable":true,"hpAbF4ReqEnable":true,"hpTpFs3RenderEnable":true,"ipBr1VideoMeasure3PEnable":false,"hpGpbFs1FeedbackEnable":false,"enableMyitemsAtcSortPlacementBeacon":true,"videoMaxHeight":360,"dspProcessingEnable":true,"hpFontStyleFix":true,"hpGpbFs2DSPEnable":true,"ipBr1DSPEnable":true,"enableDisclaimerIconVar1":true,"enableSpcWPlusEA":true,"spSvMeasure1PEnable":true,"shpSingleTTO1Measure1PEnable":false,"currCpSafeframeURL":"https://i5.walmartimages.com/dfw/63fd9f59-afe1/7adb6fe1-4149-4ebe-b4c7-2ea1921d4a19/v12/safeframe-content-page.html","spSvVideoTrackingEnable":true,"highlyRatedCarouselEnable":false,"ipBr1Version":"","spSbaReqEnable":true,"spSvPerformanceTrackingEnable":true,"spSpcEnableAdsBtfCmpV3":false,"spSkFeedbackEnable":true,"hpAbF4DSPEnable":false,"viewableBeaconFix":true,"adsQuickshopBeaconEnable":true,"hpGpbFs2ReqEnable":true,"ipBbMeasure1PEnable":true,"hpGalMiddleRenderEnable":true,"hpAbF5RenderEnable":true,"bpGalMeasure3PEnable":false,"hpTpFs3ReqEnable":true,"spSvDynamicPosEnable":true,"hpTpFs3FeedbackEnable":false,"pacP13nMeasure1PEnable":true,"pacSkRenderEnable":false,"bpGalMiddleDSPEnable":false,"enableAtcItemClickBeaconFix":true,"hpTpFsAllDisableLoadingCard":true,"ipGalTopDSPEnable":false,"bpGalBottomMeasure1PEnable":false,"hpMq1DSPEnable":false,"enableGalleryTitle":true,"hpOldPageVisitedXpa":"hpXpa","hpAbF5Measure1PEnable":true,"safeframeTemplatesEnable":false,"hpGpbFs3FeedbackEnable":false,"adsHotBadging":false,"spGalBottomMeasure3PEnable":false,"hpGalEnableAdsBtfCmpV3":false,"spBbTranche2Enable":true,"ipBbLazyLoadingEnable":false,"spSbaMeasure1PEnable":true,"hpGpbFs3Measure1PEnable":true,"dspMultiProcessingEnable":true,"ipSkDSPEnable":true,"spSvRenderEnable":true,"ipMq1Version":"","spSvYabasVideoClickEnable":true,"ipGalTopMeasure3PEnable":false,"spSvReqEnable":true,"hpTpFs1FeedbackEnable":false,"hpGpbFs2Measure3PEnable":true,"shpSkDSPEnable":true,"enableVideoUIErrorState":true,"spMq2DSPEnable":true,"ipGalMiddleMeasure3PEnable":false,"hpTpFs2DSPEnable":true}},"wallet":{"_all_":{"enableIncommTiles":true,"enableDigitalRewards":true,"enableDVR":true,"enableIncommDS":true,"eGiftCardLinkUrl":"/browse/gifts-registry/egift-cards/1094765_96894_4851051_2852534?sort=best_match\u0026cat_id=1094765_96894_4851051_2852534_3326919\u0026stores=3081\u0026ps=40\u0026facet=brand%3AWalmart","enableCardNumberFirst":false,"enableExpirySingleField":false,"enableBCBSA":true,"enableCXODelayedMessage":false,"enableFIS":true,"enableSolutranDual":true,"enableEbtSeeBalance":true,"placeholder":1,"enableNewOneWalletAd":true,"enableNewOneCardArt":true,"enableEGiftCardLinkFix":true,"enablePayByBank":false,"enableSkyTransactionHistory":true,"oneCardUtmCampaign":"WM_BetaTest_PT_DIS_ACT_CVR_ONE_USA_MTD_V1","enableNewOneWalletAd2":true,"enableOneBanner":true,"disableRemoveSubmitQuery":true,"oneCardUtmContent":"IMG_PRD_BON_WMD-WLT-WLUA-Product1HeadlineACopyA_PIL_PRP_PUC_NPP_NTR"}},"wplus":{"_all_":{"eventOffersProgramId":"discmemb22","paidSavingsThreshold":15,"enableSingleClickReactivation":true,"enableRewardsCenter":true,"enableEventOffers":false,"ignoreCohortReVerification":"","enableEventOffersPlanExpired":true,"enableSplashPageWalletPayPal":true,"enableCohort":"assist","enableLegalUpdatesPartnerPages":true,"enableSpot22":true,"enablePickYourBillingDate":true,"enableSecMlp":true,"splashModalDelayRequestTimeInHours":0,"enablePlusupsReactivationCancelledActiveExpired":true,"enableUnauthenticatedChoosePlans":false,"enablePauseMembership":true,"enableInHomeAddon":true,"enable30DayTrial":true,"enableSplashModalAutoLaunch":true,"isEAFreeMonthsOnCancelEnabled":true,"splashModalPlusUps":"inHome","enableOptionalPromoCodeOnBDP":true,"enableTrialExtension":false,"enableAssistMembership":true,"trialSavingsThreshold":15,"enableWplusWeeklyReservation":true,"directMembershipProgramId":"earlyaccess21","enableGiftingErrorScreen":false,"enableCancellationTrialExtension":false,"enableB2B2CV1":true,"eventOffersProgramName":"discountedmembership","enableAmexSwitchPlanDisclaimer":true,"enableDifferentiatedMemberExperience":true,"enableExpressSignUp":true,"isMemberEligibleForUpgrade":false,"enableDunning":true,"wplusWeekOffers":"cinemarkbogo,cinemarkb2g1,wplusweek,PaidOfferAccess","enableTempoPromoCodePage":false,"enableInHomeCancellationSurvey":true,"enableSingleClickReactivationWallet":true,"enableCashback":true,"redirectUpgradeCtaToPaidProgramId":"","enableEarlyAccess":true,"enableChoosePlansWallet":true,"enableCancellationOlMigration":true,"enableSplashPageWallet":true,"enableTempoMembershipLandingPage":false,"enableMlpImageResize":false,"enableAppeasementSplashModal":true,"enablePersonalizedSavingsA":true,"enableDirectBusinessMembershipOffer":false,"inHomeRedirectUrl":"https://inhome.walmart.com/partnership/chamberlain","dynamicCopyMode":"STATIC","enableWalmartPlus":true,"enablePersonalizedSavingsB":false,"enableB2B2CV1Dot1":true,"enableWplusSplashPage":true,"cohortVerifiedInHours":720,"enableConsolidationBilling":true,"enablePaymentValidation":true,"splashPaymentErrorEnabled":true,"enableManageMembershipWalletPayPal":true,"enableManageMembershipWallet":true,"enablePTABusinessMembership":false,"isEAFreeMonthsOnChangeEnabled":false,"enableShowChatOption":true,"enableMultiBenefitVariations":true,"enabledAutoRenewUpdate":true,"enableInHomeAddressValidation":true,"enableSplashUIVersion":"","enableSingleClickReactivationWalletPayPal":true,"enableDxGyPromoAutomation":true,"enableTrialToPaid":true,"enableHubOlMigration":true,"enableSSRPlansPage":true,"enableRAFSweepstakes":false,"enableWplusSignupOffers":true,"isGiftingMembershipEnabled":true,"enableSubscription":true,"enablePickYourBillingDatePostMvp":true,"enablePromoStrikeThroughPrice":true,"enableBogleSignup":false,"enableGamification":true,"enableChoosePlansWalletPayPal":true,"enableMlp":true,"enableNoPaymentSplashPage":false,"enableChamberlain":true,"enablePromoCodeValidationPrograms":"delta","enableRAFDirectToPaid":true,"programData":"{\"wbmembertry90\":{\"trialDays\":\"90\"},\"wbpartnertry90\":{\"trialDays\":\"90\"},\"wbmembertry180\":{\"trialDays\":\"180\"},\"wbpartnertry180\":{\"trialDays\":\"180\"},\"fam180wbmember\":{\"trialDays\":\"180\"},\"wb180membernp\":{\"trialDays\":\"180\"}}","enableOfferLedClipping":false,"enableReferAFriend":false,"enableLegalUpdates":true,"enableBenefitEngagementPage":true,"enableCashBackPlans":true,"isParamountUpgradeEnabled":true,"enableCashDashboard":true,"enableBadging":true,"paramount22RedirectUrl":"https://www.paramountplus.com/walmartplus/connect/","enableOfferListV1":true,"enableAdjustNonMemberMessaging":true,"enableHybridCohort":"","enableCashbackRebrand":true,"enableEaModules":true,"enableCashbackLogoRebrand":true,"paramount22SsoClientId":"1cad36da-b4c7-4e13-8460-71ff50ced7e2","enablePageSource":true,"enableDealSeeker":true,"cancelCtaGroupVariation":"CONTROL","enableParamountPlus22Reactivate":false,"activateProgramId":"instantwplusweek","enableMembershipEngagementChallenge":true,"enableRevampedBenefitsCard":true,"paramountEssentialPrice":"/{\"Monthly\":5.99,\"Annually\":59.99}/","wplusWeekTrialMemberProgramId":"wplusweek23_convert_6monthoff","enableBDPBreadcrumb":true,"enableExpiredUserRouting":true,"wplusWeekPaidMemberProgramId":"wplusweek23_upgrade_6monthoff","enableRemindMeLater":true,"enableAmexGoldSwitchPlanDisclaimer":true,"enableOC22":true,"enableAppScreenTakeOver":true,"enableMembershipYearinreview":false,"enableLegalUpdatesSplashPage":false,"enableHubRedesign":true,"enableLegalUpdatesActivatePage":"versionA","enablePartnerLandingPage":true,"enableParamountCancelCTA":true,"isAnnualPlanOfferEnabled":false,"enabledMembershipSplashTrialToPaid":true,"enableLegalUpdatesPlansPage":"","eaModulesMaxDisplayPerSession":1,"wplusWeekProgramName":"wplusweek","enableParamount22":false,"eaModulesAllowedPath":"/shop/deals/cyber-monday","enableInHomeLandingPage":true,"enableCohortMembershipFastFollow":true}}},"membership":{"data":{"shouldShowWplusLogo":false}}},"enableGqlCsrRedirect":true,"nonce":"7F-x_MWmFK4HbNQS","persistedQueriesConfig":{"allowList":[""],"blackList":[""],"enableAllowList":false,"enablePersistedQueries":true},"excludeBeacon":false,"isNextPublicMocksEnabled":false,"adSessionId":"5805198f2e3de16be255170dad067b30"}},"page":"/content/[...categoryParams]","query":{"page":"1","sort":"alpha","categoryParams":["holiday-food","7998220"]},"buildId":"production_20231214T221012277Z-en-US","assetPrefix":"https://i5.walmartimages.com/dfw/63fd9f59-2a88/0f4e2c10-a934-4511-b0b6-8e629aae96e5/v2/en-US","runtimeConfig":{"nxApplicationName":"US-JOURNEY","isDev":false,"enableLatencyTrace":true,"tenant":"WM_GLASS","vid":"oaoh","tenantV2":{"bu":"WALMART-US","mart":"B2C"},"mockURL":"http://mock-backend.dev.walmart.com/","mock":true,"endpointMappings":{"operations":{"query configuration":"cegateway","query RewardsHistoryPage":"cegateway","query ContentPage":"cegateway","query BrandPage":"cegateway","query checkItemCartEligibility":"cecxo","mutation MergeAndGetCart":"cecxo","query getGuestOrder":"cegateway","query PurchaseHistory":"cecph","mutation NotifyCapOneBannerSnooze":"cegateway","mutation CancelOrder":"cecph","query LastCallPage":"cegateway","query AdV2Display":"adsgateway","query GetCommPreference":"cegateway","query PurchasedProtectionPlans":"cecph","query PurchasedProtectionPlansV2":"cecph","query ProtectionPlanDetail":"cecph","query subscriptions":"cegateway","query NodeDetailQuery":"cegateway","query NearbyNodesQuery":"cegateway","query LocalStoreContentQuery":"cegateway","query CartSubstitutions":"cegateway","query CartShopSimilar":"cegateway","query GetEarlyAccessLearnMoreData":"ceaccount","query PostCartLoadPage":"cegateway","query SearchStore":"cegateway","query LocalStoreCategoryContent":"cegateway","query nodeDetails":"cegateway","query storeFinderNearbyNodesQuery":"cegateway","mutation CreateInsuranceSalesLead":"wellness","mutation setPickup":"cecxo","query getCart":"cegateway","query feedShowCategories":"cegateway","query feedsByStatus":"cegateway","query feedShow":"cegateway","query feedsByStatusPaginated":"cegateway","query SavingsDashboard":"cegateway","mutation cancelReturnOrder":"cereturns","query GetDeliveryPreferences":"cegateway","query LensCustomizationProductIdmlQuery":"cepdp","mutation createHealthBenefitCard":"ceaccounthw"},"queryStrings":{"step=cart":"cecxo","step=bookslot":"cecxo","entitytype=*":"ceorders","state=*":"ceorders","source=*":"ceorders"},"pages":{"*":"cegateway","/":"cegateway","/hp-redesign":"cegateway","/404":"cegateway","/acc/[id]":"cegateway","/acc/schedule-oil-change":"cecxo","/account/*":"cegateway","/all-departments":"cegateway","/browse/*":"cegateway","/c/[...seo]":"cegateway","/c/auto-directory/*":"cegateway","/ci-control":"cegateway","/cp/[...categoryParams]":"cegateway","/content/[...categoryParams]":"cegateway","/brand/[...brandParams]":"cegateway","/brand/branddirectory":"cegateway","/help/*":"cegateway","/i/*":"cegateway","/ip/[...itemParams]":"cegateway","/lists/*":"cegateway","/my-items":"cegateway","/my-registries":"cegateway","/shop/*":"cegateway","/shop/[...seo]":"cegateway","/nonprofits/*":"cegateway","/orders/*":"ceorders","/partner/plus/*":"cegateway","/plus/*":"cegateway","/wp/*":"cegateway","/product/[...itemParams]":"cegateway","/registry/*":"cegateway","/reviews/*":"cegateway","/search/*":"cegateway","/seller/*":"cegateway","/services":"cegateway","/store":"cegateway","/store/[storeId]":"cegateway","/store/[storeId]/[...contentType]":"cegateway","/sparkgood/*":"cegateway","/organizations/*":"cegateway","/thankyou":"cecxo","/thankyou/pindrop":"cecxo","/topic/[...seo]":"cegateway","/tp/*":"cegateway","/update-payment-method-form":"cegateway","/update-payment-method":"cegateway","/wallet/associate-discount":"cegateway","/subscriptions/manage":"cegateway","/cart":"cecxo","/pac":"cecxo","/updatecart":"cecxo","/shopwithme/*":"cegateway","/rewards-history":"cegateway","/global/*":"cegateway","/global/[...seo]":"cegateway","/live":"cegateway","/live-next":"cegateway","/live-next/browse":"cegateway","/savings":"cegateway","/cash-overview":"cegateway","/in-store-wifi/*":"cegateway","/live-next/shows":"cegateway","/g/*":"cegateway","/g/[...seo]":"cegateway","/gic":"cegateway","/fittingroom":"cegateway","/protection-plans":"cecph","/inhome/*":"cegateway","/user-query":"cecxo","/assistant":"cecxo","/showroom":"cegateway","/showroom/[name]/[id]":"cegateway","/omniservicesplatform":"cecxo"}},"googleMaps":{"checkAddressAPIKey":"AIzaSyCX5gh3yoq4316wUDxRpljFOwWA6_-BEMg","addressAPIKey":"AIzaSyBIAnB1a3UejjFVRNtszhaEE8yrKySRTEo","geoCodingAPIKey":"AIzaSyBvv63fBVZ1RtNJLGkN9XCFE1WfVl0o1HY","riseMapAPIKey":{"dev":"AIzaSyA9K6pBcYvCp4_FxKHsPi-JDJfvcvSbtp0","defaultKey":"AIzaSyA0Gi6N7afDzAqBiPI3MlWDMaaxC5xKldM"}},"membershipConfig":{"showWPlusBanner":true},"pulseBeacon":{"enable":true,"hostname":"i5.walmartimages.com","bd":"beacon.walmart.com","bh":"beacon.lightestwithqm.walmart.com","hostWithQM":"beacon.lightestwithqm.walmart.com","hostWithoutQM":"beacon.lightest.walmart.com","photoHost":"beacon.photowithqm.walmart.com","photoHostWithoutQM":"beacon.photo.walmart.com"},"perimeterX":{"enable":true,"initScript":"https://www.walmart.com/px/PXu6b0qd2S/init.js"},"identity":{"context":{"signOutUrl":"/account/logout","signInPathname":"/account/login","createAccountPathname":"/account/signup","tenants":[{"host":{"stage":"business-stage.walmart.com","teflon":"business-teflon.walmart.com","production":"business.walmart.com"},"mart":"B2B","templates":["B2BSignUpPage","B2BSignInPage","B2BSignInWithPasswordOnlyPage","B2BSignInWithOTPChoicePage","B2BSignInWithOTPOnlyPage"]}],"marketingEmails":true,"rightsReservedText":"","footerOptions":[],"termsLink":"","privacyLink":"","enableRobotsTag":false,"hideFooter":false},"authFrameRoutes":{"frame":"/account/login","reauthFrame":"/account/login","gxoSignup":"/account/signup/gxo","gxoSignin":"/account/login"}},"threatMetrix":{"enable":true},"paymentsPageUrl":"https://wallet.walmart.com/payments?wv=main","paymentsChooserPageUrl":"https://wallet.walmart.com/payments/chooser","walletPageUrl":"https://wallet.walmart.com/payments/wallet","ads":{"env":"production","host":"https://www.walmart.com","moatId":"WALMART_DISPLAY_S2S1","moatVideoId":"WALMART_VIDEO_S2S1"},"moatIvt":"https://www.walmart.com/swag/v2/ip-rd","rewardsTravelUrl":"https://walmartplustravel.com/trips","appVersion":"us-web-1.106.1-a4825f50961cb2cde8a88357cc99e8ada972f5fa-1214","appSha":"a4825f50961cb2cde8a88357cc99e8ada972f5fa","profile":"production","tmxOrgId":"hgy2n0ks","dataCenter":"eus2","queryContext":{"appVersion":"us-web-1.106.1-a4825f50961cb2cde8a88357cc99e8ada972f5fa-1214","gql":{"endpointsByName":{"ceaccount":"/orchestra/account/graphql","cecxo":"/orchestra/cartxo/graphql","cecph":"/orchestra/cph/graphql","adsgateway":"/swag/graphql","aroundme":"/around-me/graphql","ceorders":"/orchestra/orders/graphql","cegateway":"/orchestra/home/graphql","ceaccounthw":"/orchestra/hw/graphql","cepdp":"/orchestra/pdp/graphql","wellness":"https://developer.api.us2.walmart.com/api-proxy/service/hw/wellnessplusservice/v1/graphql","cereturns":"/orchestra/orders/graphql"}},"rest":{"endpointsByName":{"cereturns":"/orchestra/api/returns","ceaccount":"/orchestra/api/account","cehelp":"/orchestra/help/api","cehelpchat":"/orchestra/helpChat/api","ceidentity":"/orchestra/account/electrode/api/identity","typeahead":"/typeahead/v3/complete","espvalidation":"/esp/prepaid/v1/plans","warppaymentoptions":"/orchestra/api/online/variantbasic/item","cewarp":"/orchestra/api/warp","ceccm":"/orchestra/api/ccm/v2/bootstrap","ceccm2":"/orchestra/api/ccm/v2/bootstrap","cewireless":"/orchestra/api/wireless","storeservices":"/graphql","fuelPrices":"/graphql","feedbackSubmit":"/orchestra/api/customer-survey/submit","quimbyMobile":"/orchestra/api/tempo","shopwithme":"/feeds"}}}},"isFallback":false,"dynamicIds":[613480,689200,23530,798519,613844,721073],"customServer":true,"gip":true,"appGip":true,"locale":"en","locales":["en","es"],"defaultLocale":"en","scriptLoader":[]}</script><script id="release-metadata" type="application/json" nonce="7F-x_MWmFK4HbNQS">{"appVersion":"us-web-1.106.1-a4825f50961cb2cde8a88357cc99e8ada972f5fa-1214","dataCenter":"eus2"}</script><script nonce="7F-x_MWmFK4HbNQS">window.SW_DOMAIN = "walmart.com"</script><script nonce="7F-x_MWmFK4HbNQS">(function(e){var t=e.document;BOOMR=e.BOOMR||{};BOOMR.plugins=BOOMR.plugins||{};var n={localStorageTestKey:"TorbitLSTest",pageTags:[],pageConversions:[],initHasRun:false};BOOMR.plugins.pageMeta={init:function(r){initHasRun=true;try{localStorage.setItem(n.localStorageTestKey,n.localStorageTestKey);localStorage.removeItem(n.localStorageTestKey);BOOMR.addVar("ls",1)}catch(i){BOOMR.addVar("ls",0)}if(e.location.protocol=="https:")BOOMR.addVar("prt",1);else BOOMR.addVar("prt",0);BOOMR.addVar("ref",t.referrer);if(e.performance&&e.performance.memory){for(m_name in e.performance.memory){if(e.performance.memory.hasOwnProperty(m_name)){BOOMR.addVar(m_name,e.performance.memory[m_name])}}}BOOMR.addVar("wH",e.innerHeight||t.body.clientHeight||t.documentElement.clientHeight);BOOMR.addVar("tags",n.pageTags.join("|"));return this},addTag:function(e){n.pageTags.push(e);if(!n.initHasRun){return}BOOMR.addVar("tags",n.pageTags.join("|"))},addConversion:function(e,t){var r=e;if(t&&(t>0||t.length>0))r=e+"="+t;n.pageConversions.push(r);BOOMR.addVar("conversion",n.pageConversions.join("|"))},is_complete:function(){return true}}})(window);(function(e){try{e._tbq=e._tbq||[];_tbq.push=function(e){if(e.length<1||!e[0])return;switch(e[0]){case"tag":if(e.length<2)return;BOOMR.plugins.pageMeta.addTag(e[1]);break;case"startTimer":if(e.length<2)return;BOOMR.plugins.customEvents.startTimer(e[1]);break;case"endTimer":if(e.length<2)return;BOOMR.plugins.customEvents.endTimer(e[1]);break}};for(i in _tbq){if(_tbq.hasOwnProperty(i)&&i!="push"){_tbq.push(_tbq[i]);delete _tbq[i]}}}catch(t){}})(window);</script><script nonce="7F-x_MWmFK4HbNQS">window._pxAppId = 'PXu6b0qd2S'</script><script async="async" defer="defer" src="/px/PXu6b0qd2S/init.js" nonce="7F-x_MWmFK4HbNQS"></script></body></html>