<!DOCTYPE html><html lang="en-US"><head><link href="//tpc.googlesyndication.com" rel="dns-prefetch"/><meta charset="utf-8"/><script id="ttp-marker" blocking="render" nonce="wRgtM7rORmFXyjpT">(()=>{window.performance.mark("ttp")})();</script><meta property="fb:app_id" content="105223049547814"/><meta name="viewport" content="width=device-width, initial-scale=1.0, minimum-scale=1, interactive-widget=resizes-content"/><link rel="dns-prefetch" href="https://tap.walmart.com "/><link rel="preload" fetchpriority="high" crossorigin="anonymous" href="https://i5.walmartimages.com/dfw/63fd9f59-a78c/fcfae9b6-2f69-4f89-beed-f0eeb4237946/v1/BogleWeb_subset-Bold.woff2" as="font" type="font/woff2"/><link rel="preload" fetchpriority="high" crossorigin="anonymous" href="https://i5.walmartimages.com/dfw/63fd9f59-a78c/fcfae9b6-2f69-4f89-beed-f0eeb4237946/v1/BogleWeb_subset-Regular.woff2" as="font" type="font/woff2"/><link rel="preconnect" href="https://beacon.walmart.com"/><link rel="preconnect" href="https://b.wal.co"/><script nonce="wRgtM7rORmFXyjpT">var _bcq=_bcq || [];_bcq.push(['_setOptions',{start_time:(new Date()).getTime(),bd:'beacon.walmart.com',bh:'beacon.lightest.walmart.com',sv:'1.2.129'}]);(function initObserver(){function getSessionId(){var nextEl=document.getElementById("__NEXT_DATA__");var text=nextEl&&nextEl.textContent;var dd;try{dd=JSON.parse(text||"{}")}catch(exc){dd={}}var sid=dd&&dd.props&&dd.props.pageProps&&dd.props.pageProps.isomorphicSessionId;return sid||"unknown"}function getContextInfo(propName){var nextEl=document.getElementById("__NEXT_DATA__");var text=nextEl&&nextEl.textContent;var dd;try{dd=JSON.parse(text||"{}")}catch(exc){dd={}}return dd&&dd.runtimeConfig&&dd.runtimeConfig[propName]||"unknown"}function onerror(evt){var el=evt.target;var url=el.getAttribute("src")||el.getAttribute("href");_bcq.push(["_tagAction","walmartWeb","log","wcnp_walmart-web",{msg:{isomorphicSessionId:getSessionId(),appVersion:getContextInfo("appVersion"),datacenter:getContextInfo("dataCenter"),message:{logContent:{message:"Required script failed to load. "+url},type:"CONSOLE_ERROR"},tags:["error","platform","client-error-logger"]},pg:{nm:"walmartWeb"},ta:{}}])}function onchange(changes){if(!(changes&&changes.length)){return}for(var chg of changes){var added=chg.addedNodes;if(!(added&&added.length&&chg.type==="childList")){continue}var node=added[0];var tag=node.nodeName;var rel=node.rel;var isLink=tag==="LINK";var isCss=isLink&&rel==="stylesheet";var isPreload=isLink&&rel==="preload"&&["font","style"].indexOf(node.as)>=0;if(tag==="SCRIPT"||isCss||isPreload){node.onerror=onerror}}}var observer=new MutationObserver(onchange);observer.observe(document,{attributes:true,childList:true,subtree:true});return{getSessionId:getSessionId,getContextInfo:getContextInfo,observer:observer,onchange:onchange,onerror:onerror}})();</script><script data-testid="pulse-script" async="" nonce="wRgtM7rORmFXyjpT" src="//i5.walmartimages.com/beacon/beacon.js?bd=beacon.walmart.com&amp;bh=beacon.lightest.walmart.com"></script><title>Create Your Charcuterie Board - Walmart.com</title><meta name="description" content="Shop for a Charcuterie board at Walmart.com. Buy the Meats, Cheeses, Crackers, Fruits &amp; Veggies, Dips, Herb &amp; nut accents. Save money. Live better."/><link rel="canonical" href="https://www.walmart.com/cp/create-your-charcuterie-board/4740967"/><meta property="og:url" content="https://www.walmart.com/cp/create-your-charcuterie-board/4740967"/><meta property="og:description" content="Shop for a Charcuterie board at Walmart.com. Buy the Meats, Cheeses, Crackers, Fruits &amp; Veggies, Dips, Herb &amp; nut accents. Save money. Live better."/><meta property="og:title" content="Create Your Charcuterie Board - Walmart.com"/><meta property="og:type" content="Website"/><meta property="og:site_name" content="Walmart.com"/><meta name="keywords" content=""/><meta name="robots" content="INDEX,FOLLOW"/><link fetchpriority="high" rel="preload" as="image" href="https://i5.walmartimages.com/dfw/4ff9c6c9-5aa7/k2-_363f7dda-9e11-4e0b-ab26-b404a8a70fca.v1.jpg"/><meta name="next-head-count" content="22"/><script nonce="wRgtM7rORmFXyjpT">(()=>{
    const lang = document.documentElement.lang;
    Object.defineProperty(document.documentElement, "lang", {
        get () {
            return lang;
        },
        set () {}
    });
})()</script><link rel="preconnect" href="https://i5.walmartimages.com"/><link nonce="wRgtM7rORmFXyjpT" rel="preload" href="https://i5.walmartimages.com/dfw/63fd9f59-2a88/0f4e2c10-a934-4511-b0b6-8e629aae96e5/v2/en-US/_next/static/css/f1a48d3a57f50d0d.css" as="style"/><link nonce="wRgtM7rORmFXyjpT" rel="stylesheet" href="https://i5.walmartimages.com/dfw/63fd9f59-2a88/0f4e2c10-a934-4511-b0b6-8e629aae96e5/v2/en-US/_next/static/css/f1a48d3a57f50d0d.css" data-n-g=""/><noscript data-n-css="wRgtM7rORmFXyjpT"></noscript><script defer="" nonce="wRgtM7rORmFXyjpT" nomodule="" src="https://i5.walmartimages.com/dfw/63fd9f59-2a88/0f4e2c10-a934-4511-b0b6-8e629aae96e5/v2/en-US/_next/static/chunks/polyfills-c67a75d1b6f99dc8.js"></script><script defer="" src="https://i5.walmartimages.com/dfw/63fd9f59-2a88/0f4e2c10-a934-4511-b0b6-8e629aae96e5/v2/en-US/_next/static/chunks/ui_event-timer_queue-timer-e564a76fae5caec6.js" nonce="wRgtM7rORmFXyjpT"></script><script defer="" src="https://i5.walmartimages.com/dfw/63fd9f59-2a88/0f4e2c10-a934-4511-b0b6-8e629aae96e5/v2/en-US/_next/static/chunks/ui_item-queue_banner_queue-banner-2488af055a1a0ddb.js" nonce="wRgtM7rORmFXyjpT"></script><script defer="" src="https://i5.walmartimages.com/dfw/63fd9f59-2a88/0f4e2c10-a934-4511-b0b6-8e629aae96e5/v2/en-US/_next/static/chunks/ui_image_utils.1f72a84492c59467.js" nonce="wRgtM7rORmFXyjpT"></script><script defer="" src="https://i5.walmartimages.com/dfw/63fd9f59-2a88/0f4e2c10-a934-4511-b0b6-8e629aae96e5/v2/en-US/_next/static/chunks/ui_product-carousel_product-carousel-6823af165b9c427a.js" nonce="wRgtM7rORmFXyjpT"></script><script defer="" src="https://i5.walmartimages.com/dfw/63fd9f59-2a88/0f4e2c10-a934-4511-b0b6-8e629aae96e5/v2/en-US/_next/static/chunks/ui_product-carousel.c18800be20ee0277.js" nonce="wRgtM7rORmFXyjpT"></script><script defer="" src="https://i5.walmartimages.com/dfw/63fd9f59-2a88/0f4e2c10-a934-4511-b0b6-8e629aae96e5/v2/en-US/_next/static/chunks/tempo_pov-n-up_pov-n-up.280628ae6ea8ae16.js" nonce="wRgtM7rORmFXyjpT"></script><script defer="" src="https://i5.walmartimages.com/dfw/63fd9f59-2a88/0f4e2c10-a934-4511-b0b6-8e629aae96e5/v2/en-US/_next/static/chunks/tempo_pov-n-up.8e6e8a23eaec6c11.js" nonce="wRgtM7rORmFXyjpT"></script><script defer="" src="https://i5.walmartimages.com/dfw/63fd9f59-2a88/0f4e2c10-a934-4511-b0b6-8e629aae96e5/v2/en-US/_next/static/chunks/item_data-hooks_item-data-hooks-6bfd824a7013943c.js" nonce="wRgtM7rORmFXyjpT"></script><script defer="" src="https://i5.walmartimages.com/dfw/63fd9f59-2a88/0f4e2c10-a934-4511-b0b6-8e629aae96e5/v2/en-US/_next/static/chunks/item_related-pages.8e8eb7a0858b0f0f.js" nonce="wRgtM7rORmFXyjpT"></script><script defer="" src="https://i5.walmartimages.com/dfw/63fd9f59-2a88/0f4e2c10-a934-4511-b0b6-8e629aae96e5/v2/en-US/_next/static/chunks/content-pages_category_CustomCopyBlock.7746010481af52a3.js" nonce="wRgtM7rORmFXyjpT"></script><script defer="" src="https://i5.walmartimages.com/dfw/63fd9f59-2a88/0f4e2c10-a934-4511-b0b6-8e629aae96e5/v2/en-US/_next/static/chunks/global-nav_footer_cookie-checker.3720c963656f92fe.js" nonce="wRgtM7rORmFXyjpT"></script><script src="https://i5.walmartimages.com/dfw/63fd9f59-2a88/0f4e2c10-a934-4511-b0b6-8e629aae96e5/v2/en-US/_next/static/chunks/webpack-6ff99812b737ecd3.js" nonce="wRgtM7rORmFXyjpT" defer=""></script><script src="https://i5.walmartimages.com/dfw/63fd9f59-2a88/0f4e2c10-a934-4511-b0b6-8e629aae96e5/v2/en-US/_next/static/chunks/framework-fbf51d978577c6fa.js" nonce="wRgtM7rORmFXyjpT" defer=""></script><script src="https://i5.walmartimages.com/dfw/63fd9f59-2a88/0f4e2c10-a934-4511-b0b6-8e629aae96e5/v2/en-US/_next/static/chunks/main-703ef94972616b35.js" nonce="wRgtM7rORmFXyjpT" defer=""></script><script src="https://i5.walmartimages.com/dfw/63fd9f59-2a88/0f4e2c10-a934-4511-b0b6-8e629aae96e5/v2/en-US/_next/static/chunks/pages/_app-c7a8ae954846ed41.js" nonce="wRgtM7rORmFXyjpT" defer=""></script><script src="https://i5.walmartimages.com/dfw/63fd9f59-2a88/0f4e2c10-a934-4511-b0b6-8e629aae96e5/v2/en-US/_next/static/chunks/node_modules_.pnpm_isomorphic-dompurify@0.13_node_modules_isomorphic-dompurify_browser-40a80efbab37a530.js" nonce="wRgtM7rORmFXyjpT" defer=""></script><script src="https://i5.walmartimages.com/dfw/63fd9f59-2a88/0f4e2c10-a934-4511-b0b6-8e629aae96e5/v2/en-US/_next/static/chunks/node_modules_.pnpm_@walmart+use-safeframe@0.4.0_react@17.0_node_modules_@walmart_use-safeframe_lib_index-29b5da6dfb811bc2.js" nonce="wRgtM7rORmFXyjpT" defer=""></script><script src="https://i5.walmartimages.com/dfw/63fd9f59-2a88/0f4e2c10-a934-4511-b0b6-8e629aae96e5/v2/en-US/_next/static/chunks/ui_horizontal-scroller_locale_messages-5161e79aaf6c01dc.js" nonce="wRgtM7rORmFXyjpT" defer=""></script><script src="https://i5.walmartimages.com/dfw/63fd9f59-2a88/0f4e2c10-a934-4511-b0b6-8e629aae96e5/v2/en-US/_next/static/chunks/ui_horizontal-scroller_horizontal-scroller-6e077a65674c389d.js" nonce="wRgtM7rORmFXyjpT" defer=""></script><script src="https://i5.walmartimages.com/dfw/63fd9f59-2a88/0f4e2c10-a934-4511-b0b6-8e629aae96e5/v2/en-US/_next/static/chunks/ui_product-tile_locale_messages-aa2448d727025643.js" nonce="wRgtM7rORmFXyjpT" defer=""></script><script src="https://i5.walmartimages.com/dfw/63fd9f59-2a88/0f4e2c10-a934-4511-b0b6-8e629aae96e5/v2/en-US/_next/static/chunks/ui_quantity-stepper_quantity-stepper-d449f443b3be4840.js" nonce="wRgtM7rORmFXyjpT" defer=""></script><script src="https://i5.walmartimages.com/dfw/63fd9f59-2a88/0f4e2c10-a934-4511-b0b6-8e629aae96e5/v2/en-US/_next/static/chunks/item_data-access_utils_analytics-f1883b38d79f9198.js" nonce="wRgtM7rORmFXyjpT" defer=""></script><script src="https://i5.walmartimages.com/dfw/63fd9f59-2a88/0f4e2c10-a934-4511-b0b6-8e629aae96e5/v2/en-US/_next/static/chunks/ui_product-tile_hooks_use-on-product-690f22c8d542787f.js" nonce="wRgtM7rORmFXyjpT" defer=""></script><script src="https://i5.walmartimages.com/dfw/63fd9f59-2a88/0f4e2c10-a934-4511-b0b6-8e629aae96e5/v2/en-US/_next/static/chunks/ads_types_ads-cloud-variables-29004e6811cc4aa5.js" nonce="wRgtM7rORmFXyjpT" defer=""></script><script src="https://i5.walmartimages.com/dfw/63fd9f59-2a88/0f4e2c10-a934-4511-b0b6-8e629aae96e5/v2/en-US/_next/static/chunks/cart_add-to-cart_add-to-cart-d482ae410a48caf1.js" nonce="wRgtM7rORmFXyjpT" defer=""></script><script src="https://i5.walmartimages.com/dfw/63fd9f59-2a88/0f4e2c10-a934-4511-b0b6-8e629aae96e5/v2/en-US/_next/static/chunks/ui_product-tile_vertical_product-reward-4feb704d130a8123.js" nonce="wRgtM7rORmFXyjpT" defer=""></script><script src="https://i5.walmartimages.com/dfw/63fd9f59-2a88/0f4e2c10-a934-4511-b0b6-8e629aae96e5/v2/en-US/_next/static/chunks/ui_product-tile_vertical-0cf3a4b9931c802e.js" nonce="wRgtM7rORmFXyjpT" defer=""></script><script src="https://i5.walmartimages.com/dfw/63fd9f59-2a88/0f4e2c10-a934-4511-b0b6-8e629aae96e5/v2/en-US/_next/static/chunks/ads_provider_ads-context-provider-fa8bec0a000c1931.js" nonce="wRgtM7rORmFXyjpT" defer=""></script><script src="https://i5.walmartimages.com/dfw/63fd9f59-2a88/0f4e2c10-a934-4511-b0b6-8e629aae96e5/v2/en-US/_next/static/chunks/ui_product-tile_vertical_product-image-c72f33f6e31f315e.js" nonce="wRgtM7rORmFXyjpT" defer=""></script><script src="https://i5.walmartimages.com/dfw/63fd9f59-2a88/0f4e2c10-a934-4511-b0b6-8e629aae96e5/v2/en-US/_next/static/chunks/wallet_data-access_locale_messages-c0f0bcdf08ef1c21.js" nonce="wRgtM7rORmFXyjpT" defer=""></script><script src="https://i5.walmartimages.com/dfw/63fd9f59-2a88/0f4e2c10-a934-4511-b0b6-8e629aae96e5/v2/en-US/_next/static/chunks/wplus_pause-membership-page_pause-membership-context-838d43c4dad00778.js" nonce="wRgtM7rORmFXyjpT" defer=""></script><script src="https://i5.walmartimages.com/dfw/63fd9f59-2a88/0f4e2c10-a934-4511-b0b6-8e629aae96e5/v2/en-US/_next/static/chunks/ui_pagination_pagination-f22cb60d524d1a87.js" nonce="wRgtM7rORmFXyjpT" defer=""></script><script src="https://i5.walmartimages.com/dfw/63fd9f59-2a88/0f4e2c10-a934-4511-b0b6-8e629aae96e5/v2/en-US/_next/static/chunks/cart_add-to-cart_use-hot-pac-bottom-sheet-6a309b6566d6a734.js" nonce="wRgtM7rORmFXyjpT" defer=""></script><script src="https://i5.walmartimages.com/dfw/63fd9f59-2a88/0f4e2c10-a934-4511-b0b6-8e629aae96e5/v2/en-US/_next/static/chunks/ui_skinny-banner_skinny-banner-35a67a2c49943952.js" nonce="wRgtM7rORmFXyjpT" defer=""></script><script src="https://i5.walmartimages.com/dfw/63fd9f59-2a88/0f4e2c10-a934-4511-b0b6-8e629aae96e5/v2/en-US/_next/static/chunks/repurchase_data-access_repurchase-cloud-variables-db32ec2a9c558529.js" nonce="wRgtM7rORmFXyjpT" defer=""></script><script src="https://i5.walmartimages.com/dfw/63fd9f59-2a88/0f4e2c10-a934-4511-b0b6-8e629aae96e5/v2/en-US/_next/static/chunks/livingdesign_deprecated-components_CardV2-3ef47dfefe47ee0e.js" nonce="wRgtM7rORmFXyjpT" defer=""></script><script src="https://i5.walmartimages.com/dfw/63fd9f59-2a88/0f4e2c10-a934-4511-b0b6-8e629aae96e5/v2/en-US/_next/static/chunks/platform_tempo_components_tempo-layout-cc4d61e184d1973f.js" nonce="wRgtM7rORmFXyjpT" defer=""></script><script src="https://i5.walmartimages.com/dfw/63fd9f59-2a88/0f4e2c10-a934-4511-b0b6-8e629aae96e5/v2/en-US/_next/static/chunks/brand-pages_brand_product-tile-collection-cc32e7a033c09ec8.js" nonce="wRgtM7rORmFXyjpT" defer=""></script><script src="https://i5.walmartimages.com/dfw/63fd9f59-2a88/0f4e2c10-a934-4511-b0b6-8e629aae96e5/v2/en-US/_next/static/chunks/digital-finance_one-debit-card_components_one-debit-card-modal-61002c08a21183f0.js" nonce="wRgtM7rORmFXyjpT" defer=""></script><script src="https://i5.walmartimages.com/dfw/63fd9f59-2a88/0f4e2c10-a934-4511-b0b6-8e629aae96e5/v2/en-US/_next/static/chunks/pages/content/%5B...categoryParams%5D-7b0ae4d1a3749a81.js" nonce="wRgtM7rORmFXyjpT" defer=""></script><script src="https://i5.walmartimages.com/dfw/63fd9f59-2a88/0f4e2c10-a934-4511-b0b6-8e629aae96e5/v2/en-US/_next/static/production_20231214T221012277Z-en-US/_buildManifest.js" nonce="wRgtM7rORmFXyjpT" defer=""></script><script src="https://i5.walmartimages.com/dfw/63fd9f59-2a88/0f4e2c10-a934-4511-b0b6-8e629aae96e5/v2/en-US/_next/static/production_20231214T221012277Z-en-US/_ssgManifest.js" nonce="wRgtM7rORmFXyjpT" defer=""></script><script nonce="wRgtM7rORmFXyjpT">var TBRewriteHostAltWeight = 10.000000;</script><script async="async" defer="defer" src="//i5.walmartimages.com/a14/capabilities.min.js" nonce="wRgtM7rORmFXyjpT"></script><script >bazadebezolkohpepadr="923370235"</script><script type="text/javascript" src="https://www.walmart.com/akam/13/3709813b"  defer></script></head><body><div id="__next" data-reactroot=""><div><div data-testid="layout-container" class="flex flex-column min-vh-100 shadow-2" style="transform:none;transition:transform .2s"><span data-pcss-show="true" data-testid="global-header" class="sticky bg-secondary w-100 top-0 z-1" style="transition:top 0.65s"><a link-identifier="Generic Name" class="o-0 absolute" tabindex="-1"></a><a link-identifier="Generic Name" class="slider skip-main bg-white-90" href="#maincontent">Skip to Main Content</a><header class="flex items-center justify-center pa3 center-hdkp ph3-hdkp nav-clickable-padded" data-testid="responsiveHeader" style="transition:top 0.65s"><div class="flex items-center justify-center dn-hdkp" style="transition:opacity .3s"><a link-identifier="hamburgerMenu" class="flex items-center b--none bg-transparent mr3 pa0 pointer h3 w3 no-underline white" aria-hidden="false" aria-label="All Departments Menu" href="/all-departments"><i class="ld ld-Menu" style="font-size:1.5rem;vertical-align:-0.25em;width:24px;height:24px;box-sizing:content-box" aria-hidden="true"></i></a><a link-identifier="walmartLogoMobile" class="gold h3 w3 dn-hdkp" aria-hidden="false" aria-label="Walmart Homepage" data-automation-id="header-link-walmartLogo" href="/"><i class="ld ld-Spark" style="font-size:2rem;vertical-align:-0.325em;width:2rem;height:2rem;box-sizing:content-box" aria-hidden="true"></i></a></div><a link-identifier="walmartLogoDesktop" class="dn db-hdkp flex-none pa3 hover-bg-dark-primary pt2" style="border-radius:100px;transition:all 100ms cubic-bezier(0.77, 0, 0.175, 1);height:48px" aria-label="Walmart Homepage" href="/"><img loading="lazy" alt="Walmart" class="db" height="32" src="//i5.walmartimages.com/dfw/63fd9f59-b3e1/7a569e53-f29a-4c3d-bfaf-6f7a158bfadd/v1/walmartLogo.svg" data-automation-id="header-walmartLogo" width="130"/></a><section class="dn db-hdkp"><div class="relative"><button type="button" class="flex items-center no-underline desktop-header-trigger lh-title b ph3 white pointer sans-serif bg-transparent ba b--transparent" style="border-radius:100px;height:48px;transition:all 100ms cubic-bezier(0.77, 0, 0.175, 1)" aria-haspopup="true" aria-expanded="false"><i class="ld ld-Grid pr2" style="font-size:1rem;vertical-align:-0.175em;width:1rem;height:1rem;box-sizing:content-box" aria-hidden="true"></i>Departments</button><div class="absolute bg-white br3 br--bottom left-0 lh-copy mt3 overflow-hidden shadow-1 dn" data-testid="departments-flyout" style="margin-top:20px;left:50%;transform:none;margin-left:-135px;max-height:0"><div></div></div></div></section><section class="dn db-hdkp"><div class="relative"><button type="button" class="flex items-center no-underline desktop-header-trigger lh-title b ph3 white pointer sans-serif bg-transparent ba b--transparent" style="border-radius:100px;height:48px;transition:all 100ms cubic-bezier(0.77, 0, 0.175, 1)" aria-haspopup="true" aria-expanded="false"><i class="ld ld-Services pr2" style="font-size:1rem;vertical-align:-0.175em;width:1rem;height:1rem;box-sizing:content-box" aria-hidden="true"></i>Services</button><div class="absolute bg-white br3 br--bottom left-0 lh-copy mt3 overflow-hidden shadow-1 dn" data-testid="services-flyout" style="margin-top:20px;left:50%;transform:none;margin-left:-135px;max-height:0"><div></div></div></div></section><form action="/search" autocomplete="off" aria-label="Walmart Site-Wide" role="search" class="flex flex-auto items-center justify-center pl3 justify-start-hdkp pa0-hdkp ml3-hdkp static" data-testid="search-form"><div class="flex flex-auto items-center relative"><input type="search" aria-label="Search" aria-activedescendant="" class="flex-auto lh-solid sans-serif search-bar br-pill f5 b--none" name="q" placeholder="Search Walmart" style="padding-left:1.5rem;padding-right:2.5rem" aria-autocomplete="list" aria-haspopup="listbox" autocomplete="off" value="" data-automation-id="header-input-search"/><button aria-label="Clear search field text" class="absolute bn bg-transparent h-100 right-2" style="padding:0 0.75rem;cursor:pointer;opacity:0" type="reset" tabindex="-1" aria-hidden="true"><i class="ld ld-Close" style="font-size:1rem;vertical-align:-0.175em;width:1rem;height:1rem;box-sizing:content-box"></i></button><button aria-label="Search icon" class="absolute bn br-100 search-icon" style="cursor:pointer"><i class="ld ld-Search absolute" style="font-size:1rem;vertical-align:-0.175em;top:50%;left:50%;transform:translate(-50%, -50%);width:1rem;height:1rem;box-sizing:content-box" data-automation-id="search-icon" aria-hidden="true"></i></button></div><button aria-hidden="true" aria-label="Cancel" class="bn bg-transparent mh1 ph2 pv2 pointer sans-serif underline z-1 dn-hdkp clip o-0 white" style="transition:opacity .3s" tabindex="-1" type="button">Cancel</button></form><nav aria-label="My Items, Account and Cart"><ul class="flex ma0 pa0 list"><li class="dn db-hdkp ml3 relative"><a link-identifier="Reorder my items" class="flex items-center no-underline desktop-header-trigger lh-title lh-solid ph3 white" style="border-radius:100px;height:48px;transition:all 100ms cubic-bezier(0.77, 0, 0.175, 1)" aria-haspopup="true" aria-expanded="false" role="button" href="/my-items"><i class="ld ld-Heart pr2" style="font-size:1rem;vertical-align:-0.175em;width:16px;height:1rem;box-sizing:content-box" aria-hidden="true"></i><div class="nowrap"><div class="f7 lh-title">Reorder</div><div class="b">My Items</div></div></a><div class="absolute bg-white br3 br--bottom left-0 lh-copy mt3 overflow-hidden shadow-1 dn" data-testid="my-items-flyout" style="margin-top:20px;left:50%;transform:translateX(-50%)"><div class="ph4 pt4 pb2" data-automation-id="walmart-myitems"><a link-identifier="Reorder" class="dark-gray db f6 no-underline nowrap desktop-header-flyout-link mb3" data-automation-id="walmart-reorder" href="/my-items"><i class="ld ld-Reorder mr2" style="font-size:1rem;vertical-align:-0.175em;width:1rem;height:1rem;box-sizing:content-box"></i>Reorder</a><a link-identifier="Lists" class="dark-gray db f6 no-underline nowrap desktop-header-flyout-link mb3" data-automation-id="walmart-list" href="/lists"><i class="ld ld-Heart mr2" style="font-size:1rem;vertical-align:-0.175em;width:1rem;height:1rem;box-sizing:content-box"></i>Lists</a><a link-identifier="Registries" class="dark-gray db f6 no-underline nowrap desktop-header-flyout-link mb3" href="/my-registries"><i class="ld ld-Gift mr2" style="font-size:1rem;vertical-align:-0.175em;width:1rem;height:1rem;box-sizing:content-box"></i>Registries</a></div></div></li><li class="dn db-hdkp relative"><a link-identifier="Account" class="flex items-center no-underline desktop-header-trigger lh-title lh-solid ph3 white" style="border-radius:100px;height:48px;transition:all 100ms cubic-bezier(0.77, 0, 0.175, 1)" aria-haspopup="true" aria-expanded="false" role="button" href="/account/login?vid=oaoh"><i class="ld ld-User" style="font-size:16px;vertical-align:-0.175em;margin-left:;width:16px;height:16px;box-sizing:content-box" aria-hidden="true"></i><div class="ml2 nowrap" data-automation-id="headerSignIn"><div class="mw3 mw4-hdkp truncate lh-title f7">Sign In</div><div class="b">Account</div></div></a><div class="absolute bg-white br3 br--bottom left-0 lh-copy mt3 overflow-hidden shadow-1 dn" data-testid="account-flyout" style="margin-top:20px;left:50%;transform:translateX(-50%)"><div class="pa4"><button class="w_hhLG w_8nsR w_0_LY db mb3 w-100" type="button" data-testid="sign-in">Sign In</button><button class="w_hhLG w_XK4d w_0_LY db mb3 w-100" type="button" data-automation-id="header-create-account">Create an account</button><div class="mb3"><hr aria-hidden="true" class="w_8Gn9"/></div><a link-identifier="Purchase History" class="dark-gray db f6 no-underline nowrap desktop-header-flyout-link" data-automation-id="headerPurchaseHistory" href="/orders"><i class="ld ld-Receipt mr2" style="font-size:1rem;vertical-align:-0.175em;width:1rem;height:1rem;box-sizing:content-box"></i>Purchase History</a><a link-identifier="Walmart Plus" class="dark-gray db f6 no-underline nowrap desktop-header-flyout-link mt3" href="/plus"><img loading="lazy" class="mr2 f5" src="//i5.walmartimages.com/dfw/63fd9f59-ac39/29c6759d-7f14-49fa-bd3a-b870eb4fb8fb/v1/wplus-icon-blue.svg" alt="Walmart+" height="16" width="16" style="vertical-align:-0.175em"/>Walmart+</a></div></div></li><li aria-hidden="false" class="undefined" style="transition:opacity .3s"><div class="relative"><div class="cart-button ml2 flex justify-center db-hdkp justify-start-hdkp h-auto-hdkp mr4-hdkp flex-column"><button type="button" class="bn bg-transparent br2 flex flex-column items-center pa0 pointer relative sans-serif pa3 justify-center white hover-bg-dark-primary" style="border-radius:100px;transition:all 100ms cubic-bezier(0.77, 0, 0.175, 1);height:48px" id="cart-button-header" data-automation-id="cart-button-header" aria-label="Cart contains 0 items Total Amount $0.00"><i class="ld ld-Cart mr1 white" style="font-size:1.5rem;vertical-align:-0.25em;width:24px;height:24px;box-sizing:content-box"></i><span class="db nowrap" style="font-size:.625rem;visibility:hidden;height:10px;vertical-align:-0.25em;width:30px">$0.00</span></button></div></div></li></ul></nav></header></span><div class="flex flex-column flex-auto relative z-0" aria-hidden="false"><div data-pcss-show="true" class="bg-primary white sticky z-3 gic-wrapper gic-wrapper-top" id="gic-wrapper" data-testid="gic-wrapper" style="min-height:41px;transition:top 0.65s"><hr aria-hidden="true" class="w_8Gn9 banner-divider"/><div data-pcss-hide="true" class="items-center flex flex-auto ph3 ph4-m pv1"><div class="flex items-center h3"><img loading="lazy" alt="Banner title icon" src="https://i5.walmartimages.com/dfwrs/76316474-3850/k2-_c6d4aec7-b4a7-4ea4-9223-07c8daef4fcf.v1.png" width="26" height="26" class="mr2 br-100 v-btm"/><span class="b f6">How do you want your items?</span></div></div></div><div class="flex-auto relative z-1" data-testid="main-content-container"><div class="main-content mw1280 center" id="maincontent" data-testid="maincontent"><div><main class="ph3-l ph4-xl pb4" id="maincontent"><span class="w_iUH7"><h1>Create Your Charcuterie Board</h1></span><div data-testid="flex-container" class="flex undefined flex-column h-100"><div class="h-100 relative"><div data-testid="flex-container" class="flex undefined flex-column h-100"><div class="h-100 relative"><div class="ma3"><section><div data-testid="skinny-banner"><div class="w-100"><div class="flex flex-column items-center justify-center w-100 br3 overflow-hidden pv4 relative" style="height:150px"><img loading="eager" aria-hidden="true" alt="Build you perfect charcuterie board" height="150px" src="https://i5.walmartimages.com/dfw/4ff9c6c9-5aa7/k2-_363f7dda-9e11-4e0b-ab26-b404a8a70fca.v1.jpg" style="object-fit:contain" width="auto"/><div style="max-width:752px" class="flex flex-column items-center justify-center ph3 absolute"><div class="flex items-center"><span class="flex justify-center"><div class="flex"><div aria-label="Build you perfect charcuterie board"><span class="b f1-ns f2-m mb2 f-subheadline-l" style="color:#000000" aria-hidden="true">Build you perfect charcuterie board</span></div></div></span></div><span class="tc f6 f4-m pb2-m" style="color:;max-width:540px" aria-hidden="false">From meat &amp; cheese to fruit spreads</span><span class="flex justify-center justify-start-m pt2"><span class="flex self-center ph3 mh1"><a link-identifier="View &amp; shop now" class="flex h2-m pointer underline mh1-m f4-m f6" style="color:#000000" href="https://www.walmart.com/browse/food/charcuterie/976759_976789_4740967_2085445?povid=976759_Skinnybanner_4740967_Buildyouperfectcharcuterieboard_Viewandshopnow_Rweb_Nov_2">View &amp; shop now</a></span></span></div></div></div></div></section></div> <div class="pv3 ph3 ph0-m bb b--near-white"><section><div class="flex flex-column justify-center relative" data-testid="horizontal-scroller-navPills"><a link-identifier="horizontalScrollerPrevious" class="absolute dn z-5 bg-white br-100 pa0 pointer br-100 nav-control left-1" aria-label="Previous slide for navPills list" data-testid="horizontal-scroller-previous" role="button"><i class="ld ld-ChevronLeft" style="font-size:1.5rem;vertical-align:-0.25em;padding:12px;width:1.5rem;height:1.5rem;box-sizing:content-box"></i></a><ul style="display:flex;grid-auto-flow:column;scroll-snap-type:x mandatory;max-height:fit-content" class="list ma0 pl0 overflow-x-scroll hidesb hidesb-wk relative overflow-y-hidden " data-testid="carousel-container"><li class="flex flex-column items-center" data-slide="0"><button class="w_Z4xM w_XOt8 mr2" type="button" role="link" aria-label="Italian Meat">Italian Meat</button></li><li class="flex flex-column items-center" data-slide="1"><button class="w_Z4xM w_XOt8 mr2" type="button" role="link" aria-label="Pepperoni">Pepperoni</button></li><li class="flex flex-column items-center" data-slide="2"><button class="w_Z4xM w_XOt8 mr2" type="button" role="link" aria-label="Brie Cheese">Brie Cheese</button></li><li class="flex flex-column items-center" data-slide="3"><button class="w_Z4xM w_XOt8 mr2" type="button" role="link" aria-label="Gouda Cheese">Gouda Cheese</button></li><li class="flex flex-column items-center" data-slide="4"><button class="w_Z4xM w_XOt8 mr2" type="button" role="link" aria-label="Deli meats and cheese">Deli meats and cheese</button></li><li class="flex flex-column items-center" data-slide="5"><button class="w_Z4xM w_XOt8 mr2" type="button" role="link" aria-label="Party Trays ">Party Trays </button></li><li class="flex flex-column items-center" data-slide="6"><button class="w_Z4xM w_XOt8 mr2" type="button" role="link" aria-label="Specialty Crackers">Specialty Crackers</button></li><li class="flex flex-column items-center" data-slide="7"><button class="w_Z4xM w_XOt8 mr2" type="button" role="link" aria-label="Hummus">Hummus</button></li><li class="flex flex-column items-center" data-slide="8"><button class="w_Z4xM w_XOt8 mr2" type="button" role="link" aria-label="Nuts">Nuts</button></li><li class="flex flex-column items-center" data-slide="9"><button class="w_Z4xM w_XOt8 mr2" type="button" role="link" aria-label="Fruits">Fruits</button></li></ul><a link-identifier="horizontalScrollerNext" class="absolute dn z-5 bg-white br-100 pa0 pointer db-l br-100 nav-control right-1 db" aria-label="Next slide for navPills list" data-testid="horizontal-scroller-next" role="button"><i class="ld ld-ChevronRight" style="font-size:1.5rem;vertical-align:-0.25em;padding:12px;width:1.5rem;height:1.5rem;box-sizing:content-box"></i></a></div><div class="dn"><a link-identifier="Generic Name" href="https://www.walmart.com/browse/food/charcuterie-meats/976759_976789_4740967_2354781?povid=976759_topnavpill_4740967_CharcuteriepillsCP_ItalianMeat_Rweb_Nov_2">Italian Meat</a><a link-identifier="Generic Name" href="https://www.walmart.com/browse/food/pepperoni/976759_976789_5428795_5985683?povid=976759_topnavpill_4740967_CharcuteriepillsCP_Pepperoni_Rweb_Nov_2">Pepperoni</a><a link-identifier="Generic Name" href="https://www.walmart.com/browse/food/brie-cheese/976759_9176907_1001468_4776464?povid=976759_topnavpill_4740967_CharcuteriepillsCP_BrieCheese_Rweb_Nov_2">Brie Cheese</a><a link-identifier="Generic Name" href="https://www.walmart.com/browse/food/gouda-cheese/976759_9176907_1001468_4433485?povid=976759_topnavpill_4740967_CharcuteriepillsCP_GoudaCheese_Rweb_Nov_2">Gouda Cheese</a><a link-identifier="Generic Name" href="https://www.walmart.com/browse/food/deli-meat-cheese/976759_976789_5428795?povid=976759_topnavpill_4740967_CharcuteriepillsCP_Delimeatsandcheese_Rweb_Nov_2">Deli meats and cheese</a><a link-identifier="Generic Name" href="https://www.walmart.com/browse/food/party-trays/976759_976789_6993020_8475666?povid=976759_topnavpill_4740967_CharcuteriepillsCP_PartyTrays_Rweb_Nov_2">Party Trays </a><a link-identifier="Generic Name" href="https://www.walmart.com/browse/food/snack-crackers/976759_976787_1001392_9358664?povid=976759_topnavpill_4740967_CharcuteriepillsCP_SpecialtyCrackers_Rweb_Nov_2">Specialty Crackers</a><a link-identifier="Generic Name" href="https://www.walmart.com/browse/food/hummus/976759_976789_7056897_5863482?povid=976759_topnavpill_4740967_CharcuteriepillsCP_Hummus_Rweb_Nov_2">Hummus</a><a link-identifier="Generic Name" href="https://www.walmart.com/browse/food/nuts-trail-mix-seeds/976759_976787_1001406?povid=976759_topnavpill_4740967_CharcuteriepillsCP_Nuts_Rweb_Nov_2">Nuts</a><a link-identifier="Generic Name" href="https://www.walmart.com/browse/food/all-fresh-fruit/976759_976793_9756351_1759962?povid=976759_topnavpill_4740967_CharcuteriepillsCP_Fruits_Rweb_Nov_2">Fruits</a></div></section></div> <div class="mv3 mv4-xl mh3 mb4-xl mb3 mr3-m mh0-l bb b--near-white" data-testid="HubSpokes4x4"><section><header class="flex justify-between items-baseline"><h2 class="w_kV33 w_Sl3f w_mvVb lh-title ma0">Build your board</h2></header><div class="w_KPWk w_GxNv" role="list" id="Hubspokes4orNxMGrid"><div class="w_aoqv w_wRee w_EP2w w_myuK tc mt3 content-between flex-grow-0" role="listitem" id="GridColumn-0"><a link-identifier="92878f60-fc0f-11ed-9ce5-bfbaed016f46" class="no-underline sans-serif flex flex-column items-center" href="https://www.walmart.com/browse/food/specialty-cheeses/976759_9176907_1001468_4851964?povid=976759_hubspoke_4740967_Buildyourboard_Specialtycheeses_Rweb_Nov_8"><img loading="lazy" srcset="https://i5.walmartimages.com/dfw/4ff9c6c9-f69b/k2-_b3cea549-ae2d-4283-89a7-b63c96259b56.v1.jpg?odnHeight=290&amp;odnWidth=290&amp;odnBg=FFFFFF 1x," src="https://i5.walmartimages.com/dfw/4ff9c6c9-f69b/k2-_b3cea549-ae2d-4283-89a7-b63c96259b56.v1.jpg?odnHeight=290&amp;odnWidth=290&amp;odnBg=FFFFFF" alt="" class="w-100 h-auto" width="290" height="290" style="width:;height:;max-width:290px"/><div class="w-100 tc"><span class="ma0 mid-gray lh-copy f5-l w_V_DM" style="height:">Specialty cheeses</span></div></a></div><div class="w_aoqv w_wRee w_EP2w w_myuK tc mt3 content-between flex-grow-0" role="listitem" id="GridColumn-1"><a link-identifier="k2-_50f35346-3ece-46ec-8644-e347754926cf.v1.jpg" class="no-underline sans-serif flex flex-column items-center" href="https://www.walmart.com/browse/food/charcuterie-meats/976759_976789_4740967_2354781?povid=976759_hubspoke_4740967_Buildyourboard_CharcuterieMeats_Rweb_Nov_8"><img loading="lazy" srcset="https://i5.walmartimages.com/dfw/4ff9c6c9-40eb/k2-_f95e4621-4bc2-4032-bf3e-383b21ec5f70.v1.jpg?odnHeight=290&amp;odnWidth=290&amp;odnBg=FFFFFF 1x," src="https://i5.walmartimages.com/dfw/4ff9c6c9-40eb/k2-_f95e4621-4bc2-4032-bf3e-383b21ec5f70.v1.jpg?odnHeight=290&amp;odnWidth=290&amp;odnBg=FFFFFF" alt="" class="w-100 h-auto" width="290" height="290" style="width:;height:;max-width:290px"/><div class="w-100 tc"><span class="ma0 mid-gray lh-copy f5-l w_V_DM" style="height:">Charcuterie Meats</span></div></a></div><div class="w_aoqv w_wRee w_EP2w w_myuK tc mt3 content-between flex-grow-0" role="listitem" id="GridColumn-2"><a link-identifier="df30f4f0-fc0f-11ed-ba83-fb7c5f7864f7" class="no-underline sans-serif flex flex-column items-center" href="https://www.walmart.com/browse/food/hummus-dips-salsa/976759_976789_7056897?povid=976759_hubspoke_4740967_Buildyourboard_Dipsandspreads_Rweb_Nov_8"><img loading="lazy" srcset="https://i5.walmartimages.com/dfw/4ff9c6c9-580b/k2-_7418b3f5-2e93-4302-b001-cc38276effb5.v1.jpg?odnHeight=290&amp;odnWidth=290&amp;odnBg=FFFFFF 1x," src="https://i5.walmartimages.com/dfw/4ff9c6c9-580b/k2-_7418b3f5-2e93-4302-b001-cc38276effb5.v1.jpg?odnHeight=290&amp;odnWidth=290&amp;odnBg=FFFFFF" alt="" class="w-100 h-auto" width="290" height="290" style="width:;height:;max-width:290px"/><div class="w-100 tc"><span class="ma0 mid-gray lh-copy f5-l w_V_DM" style="height:">Dips and spreads</span></div></a></div><div class="w_aoqv w_wRee w_EP2w w_myuK tc mt3 content-between flex-grow-0" role="listitem" id="GridColumn-3"><a link-identifier="k2-_50f35346-3ece-46ec-8644-e347754926cf.v1 (3).jpg" class="no-underline sans-serif flex flex-column items-center" href="https://www.walmart.com/browse/food/snack-crackers/976759_976787_1001392_9358664?povid=976759_hubspoke_4740967_Buildyourboard_Entertainingcrackers_Rweb_Nov_8"><img loading="lazy" srcset="https://i5.walmartimages.com/dfw/4ff9c6c9-1e23/k2-_cd398382-8158-444c-9d06-041045847cb2.v1.jpg?odnHeight=290&amp;odnWidth=290&amp;odnBg=FFFFFF 1x," src="https://i5.walmartimages.com/dfw/4ff9c6c9-1e23/k2-_cd398382-8158-444c-9d06-041045847cb2.v1.jpg?odnHeight=290&amp;odnWidth=290&amp;odnBg=FFFFFF" alt="" class="w-100 h-auto" width="290" height="290" style="width:;height:;max-width:290px"/><div class="w-100 tc"><span class="ma0 mid-gray lh-copy f5-l w_V_DM" style="height:">Entertaining crackers</span></div></a></div></div></section></div> <div class="mv3 mv4-xl ml3 ml0-l bb b--near-white"><section><section><header class="flex justify-between mb3 mb2-m pr3 pr4-m pr0-xl items-baseline"><section style="flex:1"><div><div><div class="inline-flex "><h2 class="f4 f3-m lh-title ma0 ">Grab your basics</h2></div></div></div></section></header><div class="flex flex-column justify-center relative" data-testid="horizontal-scroller-Product Carousel"><a link-identifier="horizontalScrollerPrevious" class="absolute dn z-5 bg-white br-100 pa0 pointer hidden-child br-100 nav-control left-1" aria-label="Previous slide for Product Carousel list" data-testid="horizontal-scroller-previous" role="button"><i class="ld ld-ChevronLeft" style="font-size:1.5rem;vertical-align:-0.25em;padding:12px;width:1.5rem;height:1.5rem;box-sizing:content-box"></i></a><ul style="display:grid;grid-auto-flow:column;scroll-snap-type:x mandatory;max-height:fit-content" class="list ma0 pl0 overflow-x-scroll hidesb hidesb-wk relative overflow-y-hidden carousel-peek-2 carousel-6-l carousel-3-m pr3-m" data-testid="carousel-container"><li class="flex flex-column items-center pa1 pr2 pb2" data-slide="0"><div role="group" data-item-id="2084915545" class="sans-serif mid-gray relative flex flex-column w-100 h-100 hide-child-opacity" data-testid="product-tile-0" aria-label="Product"><a link-identifier="2084915545" class="absolute w-100 h-100 z-1 hide-sibling-opacity" target="" href="/ip/Blue-Diamond-Double-Dark-Chocolate-Thin-Dipped-Almonds/2084915545?athcpid=2084915545&amp;athpgid=AthenaContentPage_4740967&amp;athcgid=null&amp;athznid=ItemCarousel_8be9204f-7390-42fd-b2c1-ee10ccdca1fe_items&amp;athieid=v0&amp;athstid=CS020&amp;athguid=s-SwGJlwQKwJx4-cn3aD3PFfAgOp1Vtd9RFT&amp;athancid=null&amp;athena=true&amp;athbdg=L1600"><span class="w_iUH7"><h3>Blue Diamond Double Dark Chocolate Thin Dipped Almonds</h3></span></a><div class="h2 relative mv2"><span class="w_VbBP w_mFV6 w_awtt w_3oNC w_3H8O tag-leading-badge absolute">Best seller</span></div><div class="relative"><div class="relative overflow-hidden" style="max-width:226px;height:0;padding-bottom:min(226px, 100%);align-self:center;width:min(226px, 100%)"><img loading="lazy" srcset="https://i5.walmartimages.com/asr/d8237a65-26e5-40e7-8c6c-71a2ee4c503a.9a0ab16e7c310e40330ecc2adcf75ff6.jpeg?odnHeight=226&amp;odnWidth=226&amp;odnBg=FFFFFF 1x, https://i5.walmartimages.com/asr/d8237a65-26e5-40e7-8c6c-71a2ee4c503a.9a0ab16e7c310e40330ecc2adcf75ff6.jpeg?odnHeight=576&amp;odnWidth=576&amp;odnBg=FFFFFF 2x" src="https://i5.walmartimages.com/asr/d8237a65-26e5-40e7-8c6c-71a2ee4c503a.9a0ab16e7c310e40330ecc2adcf75ff6.jpeg?odnHeight=576&amp;odnWidth=576&amp;odnBg=FFFFFF" width="" height="" class="absolute top-0 left-0" data-testid="productTileImage" alt="Blue Diamond Double Dark Chocolate Thin Dipped Almonds"/></div><div class="z-2 absolute bottom--1"><div class="relative dib" data-id="2084915545"><button class="w_hhLG w_8nsR w_jDfj pointer bn sans-serif b ph2 flex items-center justify-center w-auto shadow-1" type="button" data-pcss-hide="true" data-automation-id="add-to-cart" aria-label="Add to cart - Blue Diamond Double Dark Chocolate Thin Dipped Almonds"><i class="ld ld-Plus" style="font-size:1.5rem;vertical-align:-0.25em;width:1.5rem;height:1.5rem;box-sizing:content-box" title="add to cart"></i><span class="mr2">Add</span></button></div></div></div><div class="mt5 mb0" style="height:24px" data-testid="variant-2084915545"></div><div data-automation-id="product-price" class="flex flex-wrap justify-start items-center lh-title mb1-m"><div class="mr1 mr2-xl b black lh-copy f5 f4-l" aria-hidden="true">$3.48</div><span class="w_iUH7">current price $3.48</span><div class="gray mr1 f7 f6-l">87.0 ¢/ounces</div></div><span class=""><span class="w_V_DM" style="-webkit-line-clamp:3;padding-bottom:0em;margin-bottom:-0em"><span data-automation-id="product-title" class="normal dark-gray mb0 mt1 lh-title f6 f5-l">Blue Diamond Double Dark Chocolate Thin Dipped Almonds</span></span></span><div class="flex items-center mt2"><span class="black inline-flex mr1" data-testid="product-ratings" data-value="4.8"><i class="ld ld-StarFill" style="font-size:12px;vertical-align:-0.175em;width:12px;height:12px;box-sizing:content-box" aria-hidden="true"></i><i class="ld ld-StarFill" style="font-size:12px;vertical-align:-0.175em;width:12px;height:12px;box-sizing:content-box" aria-hidden="true"></i><i class="ld ld-StarFill" style="font-size:12px;vertical-align:-0.175em;width:12px;height:12px;box-sizing:content-box" aria-hidden="true"></i><i class="ld ld-StarFill" style="font-size:12px;vertical-align:-0.175em;width:12px;height:12px;box-sizing:content-box" aria-hidden="true"></i><i class="ld ld-StarFill" style="font-size:12px;vertical-align:-0.175em;width:12px;height:12px;box-sizing:content-box" aria-hidden="true"></i></span><span class="sans-serif gray f7" aria-hidden="true" data-testid="product-reviews" data-value="146">146</span><span class="w_iUH7">4.8 out of 5 Stars. 146 reviews</span></div><div></div><div class="mb2 mt2"><span class="w_iUH7">Available for Pickup, Delivery or 1-day shipping</span><span class="w_VbBP w_mFV6 w_I_19 w_3oNC w_AAn7 mr1 mt1 ph1" aria-hidden="true">Pickup</span><span class="w_VbBP w_mFV6 w_I_19 w_3oNC w_AAn7 mr1 mt1 ph1" aria-hidden="true">Delivery</span><span class="w_VbBP w_mFV6 w_I_19 w_3oNC w_AAn7 mr1 mt1 ph1" aria-hidden="true">1-day shipping</span></div></div></li><li class="flex flex-column items-center pa1 pr2 pb2" data-slide="1"><div role="group" data-item-id="843408927" class="sans-serif mid-gray relative flex flex-column w-100 h-100 hide-child-opacity" data-testid="product-tile-1" aria-label="Product"><a link-identifier="843408927" class="absolute w-100 h-100 z-1 hide-sibling-opacity" target="" href="/ip/Prima-Della-Pepperoni-Pre-Sliced/843408927?athcpid=843408927&amp;athpgid=AthenaContentPage_4740967&amp;athcgid=null&amp;athznid=ItemCarousel_8be9204f-7390-42fd-b2c1-ee10ccdca1fe_items&amp;athieid=v0&amp;athstid=CS020&amp;athguid=s-SwGJlwQKwJx4-cn3aD3PFfAgOp1Vtd9RFT&amp;athancid=null&amp;athena=true"><span class="w_iUH7"><h3>Prima Della Pepperoni, Pre-Sliced</h3></span></a><div class="h2 relative mv2"></div><div class="relative"><div class="relative overflow-hidden" style="max-width:226px;height:0;padding-bottom:min(226px, 100%);align-self:center;width:min(226px, 100%)"><img loading="lazy" srcset="https://i5.walmartimages.com/asr/3a40aced-7803-4f6a-94bd-ea62d9ba03fb.ffaaa248a45d20133562c3498d3eba5e.jpeg?odnHeight=226&amp;odnWidth=226&amp;odnBg=FFFFFF 1x, https://i5.walmartimages.com/asr/3a40aced-7803-4f6a-94bd-ea62d9ba03fb.ffaaa248a45d20133562c3498d3eba5e.jpeg?odnHeight=576&amp;odnWidth=576&amp;odnBg=FFFFFF 2x" src="https://i5.walmartimages.com/asr/3a40aced-7803-4f6a-94bd-ea62d9ba03fb.ffaaa248a45d20133562c3498d3eba5e.jpeg?odnHeight=576&amp;odnWidth=576&amp;odnBg=FFFFFF" width="" height="" class="absolute top-0 left-0" data-testid="productTileImage" alt="Prima Della Pepperoni, Pre-Sliced"/></div><div class="z-2 absolute bottom--1"><div class="relative dib" data-id="843408927"><button class="w_hhLG w_8nsR w_jDfj pointer bn sans-serif b ph2 flex items-center justify-center w-auto shadow-1" type="button" data-pcss-hide="true" data-automation-id="add-to-cart" aria-label="Add to cart - Prima Della Pepperoni, Pre-Sliced"><i class="ld ld-Plus" style="font-size:1.5rem;vertical-align:-0.25em;width:1.5rem;height:1.5rem;box-sizing:content-box" title="add to cart"></i><span class="mr2">Add</span></button></div></div></div><div class="mt5 mb0" style="height:24px" data-testid="variant-843408927"></div><div data-automation-id="product-price" class="flex flex-wrap justify-start items-center lh-title mb1-m"><div class="mr1 mr2-xl b black lh-copy f5 f4-l" aria-hidden="true">$4.39</div><span class="w_iUH7">current price $4.39</span><div class="gray f7 f6-l"><span class="mr3"> avg price<!-- --> </span></div><div class="gray mr1 f7 f6-l">$8.77/lb</div></div><span class=""><span class="w_V_DM" style="-webkit-line-clamp:3;padding-bottom:0em;margin-bottom:-0em"><span data-automation-id="product-title" class="normal dark-gray mb0 mt1 lh-title f6 f5-l">Prima Della Pepperoni, Pre-Sliced</span></span></span><div></div><div class="mb2 mt2"><span class="w_iUH7">Available for Pickup or Delivery</span><span class="w_VbBP w_mFV6 w_I_19 w_3oNC w_AAn7 mr1 mt1 ph1" aria-hidden="true">Pickup</span><span class="w_VbBP w_mFV6 w_I_19 w_3oNC w_AAn7 mr1 mt1 ph1" aria-hidden="true">Delivery</span></div></div></li><li class="flex flex-column items-center pa1 pr2 pb2" data-slide="2"><div role="group" data-item-id="161115457" class="sans-serif mid-gray relative flex flex-column w-100 h-100 hide-child-opacity" data-testid="product-tile-2" aria-label="Product"><a link-identifier="161115457" class="absolute w-100 h-100 z-1 hide-sibling-opacity" target="" href="/ip/Fresh-Blueberries-18-oz-Container/161115457?athcpid=161115457&amp;athpgid=AthenaContentPage_4740967&amp;athcgid=null&amp;athznid=ItemCarousel_8be9204f-7390-42fd-b2c1-ee10ccdca1fe_items&amp;athieid=v0&amp;athstid=CS020&amp;athguid=s-SwGJlwQKwJx4-cn3aD3PFfAgOp1Vtd9RFT&amp;athancid=null&amp;athena=true&amp;athbdg=L1600"><span class="w_iUH7"><h3>Fresh Blueberries, 18 oz Container</h3></span></a><div class="h2 relative mv2"><span class="w_VbBP w_mFV6 w_awtt w_3oNC w_3H8O tag-leading-badge absolute">Best seller</span></div><div class="relative"><div class="relative overflow-hidden" style="max-width:226px;height:0;padding-bottom:min(226px, 100%);align-self:center;width:min(226px, 100%)"><img loading="lazy" srcset="https://i5.walmartimages.com/asr/66ee489f-0ddc-43b4-99ce-07c0a7bf886e_1.b805f72f3cafb54c77a036a6ab6f4ed4.jpeg?odnHeight=226&amp;odnWidth=226&amp;odnBg=FFFFFF 1x, https://i5.walmartimages.com/asr/66ee489f-0ddc-43b4-99ce-07c0a7bf886e_1.b805f72f3cafb54c77a036a6ab6f4ed4.jpeg?odnHeight=576&amp;odnWidth=576&amp;odnBg=FFFFFF 2x" src="https://i5.walmartimages.com/asr/66ee489f-0ddc-43b4-99ce-07c0a7bf886e_1.b805f72f3cafb54c77a036a6ab6f4ed4.jpeg?odnHeight=576&amp;odnWidth=576&amp;odnBg=FFFFFF" width="" height="" class="absolute top-0 left-0" data-testid="productTileImage" alt="Fresh Blueberries, 18 oz Container"/></div><div class="z-2 absolute bottom--1"><div class="relative dib" data-id="161115457"><button class="w_hhLG w_8nsR w_jDfj pointer bn sans-serif b ph2 flex items-center justify-center w-auto shadow-1" type="button" data-pcss-hide="true" data-automation-id="add-to-cart" aria-label="Add to cart - Fresh Blueberries, 18 oz Container"><i class="ld ld-Plus" style="font-size:1.5rem;vertical-align:-0.25em;width:1.5rem;height:1.5rem;box-sizing:content-box" title="add to cart"></i><span class="mr2">Add</span></button></div></div></div><div class="mt5 mb0" style="height:24px" data-testid="variant-161115457"></div><div data-automation-id="product-price" class="flex flex-wrap justify-start items-center lh-title mb1-m"><div class="mr1 mr2-xl b black lh-copy f5 f4-l" aria-hidden="true">$6.84</div><span class="w_iUH7">current price $6.84</span><div class="gray mr1 f7 f6-l">38.0 ¢/oz</div></div><span class=""><span class="w_V_DM" style="-webkit-line-clamp:3;padding-bottom:0em;margin-bottom:-0em"><span data-automation-id="product-title" class="normal dark-gray mb0 mt1 lh-title f6 f5-l">Fresh Blueberries, 18 oz Container</span></span></span><div class="flex items-center mt2"><span class="black inline-flex mr1" data-testid="product-ratings" data-value="2.2"><i class="ld ld-StarFill" style="font-size:12px;vertical-align:-0.175em;width:12px;height:12px;box-sizing:content-box" aria-hidden="true"></i><i class="ld ld-StarFill" style="font-size:12px;vertical-align:-0.175em;width:12px;height:12px;box-sizing:content-box" aria-hidden="true"></i><i class="ld ld-Star" style="font-size:12px;vertical-align:-0.175em;width:12px;height:12px;box-sizing:content-box" aria-hidden="true"></i><i class="ld ld-Star" style="font-size:12px;vertical-align:-0.175em;width:12px;height:12px;box-sizing:content-box" aria-hidden="true"></i><i class="ld ld-Star" style="font-size:12px;vertical-align:-0.175em;width:12px;height:12px;box-sizing:content-box" aria-hidden="true"></i></span><span class="sans-serif gray f7" aria-hidden="true" data-testid="product-reviews" data-value="891">891</span><span class="w_iUH7">2.2 out of 5 Stars. 891 reviews</span></div><div></div><div class="mb2 mt2"><span class="w_iUH7">Available for Pickup or Delivery</span><span class="w_VbBP w_mFV6 w_I_19 w_3oNC w_AAn7 mr1 mt1 ph1" aria-hidden="true">Pickup</span><span class="w_VbBP w_mFV6 w_I_19 w_3oNC w_AAn7 mr1 mt1 ph1" aria-hidden="true">Delivery</span></div></div></li><li class="flex flex-column items-center pa1 pr2 pb2" data-slide="3"><div role="group" data-item-id="314637921" class="sans-serif mid-gray relative flex flex-column w-100 h-100 hide-child-opacity" data-testid="product-tile-3" aria-label="Product"><a link-identifier="314637921" class="absolute w-100 h-100 z-1 hide-sibling-opacity" target="" href="/ip/Great-Value-Entertainment-Cracker-Selection-13-1-Oz/314637921?athcpid=314637921&amp;athpgid=AthenaContentPage_4740967&amp;athcgid=null&amp;athznid=ItemCarousel_8be9204f-7390-42fd-b2c1-ee10ccdca1fe_items&amp;athieid=v0&amp;athstid=CS020&amp;athguid=s-SwGJlwQKwJx4-cn3aD3PFfAgOp1Vtd9RFT&amp;athancid=null&amp;athena=true&amp;athbdg=L1600"><span class="w_iUH7"><h3>Great Value Entertainment Cracker Selection, 13.1 Oz.</h3></span></a><div class="h2 relative mv2"><span class="w_VbBP w_mFV6 w_awtt w_3oNC w_3H8O tag-leading-badge absolute">Best seller</span></div><div class="relative"><div class="relative overflow-hidden" style="max-width:226px;height:0;padding-bottom:min(226px, 100%);align-self:center;width:min(226px, 100%)"><img loading="lazy" srcset="https://i5.walmartimages.com/asr/95539f44-ba0b-47dc-84bb-6957c0ef6a2c.647131c4620e6b2fed44d5be4c21f7a9.jpeg?odnHeight=226&amp;odnWidth=226&amp;odnBg=FFFFFF 1x, https://i5.walmartimages.com/asr/95539f44-ba0b-47dc-84bb-6957c0ef6a2c.647131c4620e6b2fed44d5be4c21f7a9.jpeg?odnHeight=576&amp;odnWidth=576&amp;odnBg=FFFFFF 2x" src="https://i5.walmartimages.com/asr/95539f44-ba0b-47dc-84bb-6957c0ef6a2c.647131c4620e6b2fed44d5be4c21f7a9.jpeg?odnHeight=576&amp;odnWidth=576&amp;odnBg=FFFFFF" width="" height="" class="absolute top-0 left-0" data-testid="productTileImage" alt="Great Value Entertainment Cracker Selection, 13.1 Oz."/></div><div class="z-2 absolute bottom--1"><div class="relative dib" data-id="314637921"><button class="w_hhLG w_8nsR w_jDfj pointer bn sans-serif b ph2 flex items-center justify-center w-auto shadow-1" type="button" data-pcss-hide="true" data-automation-id="add-to-cart" aria-label="Add to cart - Great Value Entertainment Cracker Selection, 13.1 Oz."><i class="ld ld-Plus" style="font-size:1.5rem;vertical-align:-0.25em;width:1.5rem;height:1.5rem;box-sizing:content-box" title="add to cart"></i><span class="mr2">Add</span></button></div></div></div><div class="mt5 mb0" style="height:24px" data-testid="variant-314637921"></div><div data-automation-id="product-price" class="flex flex-wrap justify-start items-center lh-title mb1-m"><div class="mr1 mr2-xl b black lh-copy f5 f4-l" aria-hidden="true">$4.28</div><span class="w_iUH7">current price $4.28</span><div class="gray mr1 f7 f6-l">32.7 ¢/oz</div></div><span class=""><span class="w_V_DM" style="-webkit-line-clamp:3;padding-bottom:0em;margin-bottom:-0em"><span data-automation-id="product-title" class="normal dark-gray mb0 mt1 lh-title f6 f5-l">Great Value Entertainment Cracker Selection, 13.1 Oz.</span></span></span><div class="flex items-center mt2"><span class="black inline-flex mr1" data-testid="product-ratings" data-value="3.8"><i class="ld ld-StarFill" style="font-size:12px;vertical-align:-0.175em;width:12px;height:12px;box-sizing:content-box" aria-hidden="true"></i><i class="ld ld-StarFill" style="font-size:12px;vertical-align:-0.175em;width:12px;height:12px;box-sizing:content-box" aria-hidden="true"></i><i class="ld ld-StarFill" style="font-size:12px;vertical-align:-0.175em;width:12px;height:12px;box-sizing:content-box" aria-hidden="true"></i><i class="ld ld-StarFill" style="font-size:12px;vertical-align:-0.175em;width:12px;height:12px;box-sizing:content-box" aria-hidden="true"></i><i class="ld ld-Star" style="font-size:12px;vertical-align:-0.175em;width:12px;height:12px;box-sizing:content-box" aria-hidden="true"></i></span><span class="sans-serif gray f7" aria-hidden="true" data-testid="product-reviews" data-value="255">255</span><span class="w_iUH7">3.8 out of 5 Stars. 255 reviews</span></div><div></div><div class="mb2 mt2"><span class="w_iUH7">Available for Pickup or Delivery</span><span class="w_VbBP w_mFV6 w_I_19 w_3oNC w_AAn7 mr1 mt1 ph1" aria-hidden="true">Pickup</span><span class="w_VbBP w_mFV6 w_I_19 w_3oNC w_AAn7 mr1 mt1 ph1" aria-hidden="true">Delivery</span></div></div></li><li class="flex flex-column items-center pa1 pr2 pb2" data-slide="4"><div role="group" data-item-id="1454884177" class="sans-serif mid-gray relative flex flex-column w-100 h-100 hide-child-opacity" data-testid="product-tile-4" aria-label="Product"><a link-identifier="1454884177" class="absolute w-100 h-100 z-1 hide-sibling-opacity" target="" href="/ip/Blue-Diamond-Dark-Chocolate-Sea-Salt-Caramel-Thin-Dipped-Almonds/1454884177?athcpid=1454884177&amp;athpgid=AthenaContentPage_4740967&amp;athcgid=null&amp;athznid=ItemCarousel_8be9204f-7390-42fd-b2c1-ee10ccdca1fe_items&amp;athieid=v0&amp;athstid=CS020&amp;athguid=s-SwGJlwQKwJx4-cn3aD3PFfAgOp1Vtd9RFT&amp;athancid=null&amp;athena=true&amp;athbdg=L1600"><span class="w_iUH7"><h3>Blue Diamond Dark Chocolate Sea Salt Caramel Thin Dipped Almonds</h3></span></a><div class="h2 relative mv2"><span class="w_VbBP w_mFV6 w_awtt w_3oNC w_3H8O tag-leading-badge absolute">Best seller</span></div><div class="relative"><div class="relative overflow-hidden" style="max-width:226px;height:0;padding-bottom:min(226px, 100%);align-self:center;width:min(226px, 100%)"><img loading="lazy" srcset="https://i5.walmartimages.com/seo/Blue-Diamond-Dark-Chocolate-Sea-Salt-Caramel-Thin-Dipped-Almonds_f6bfa494-6c61-4fb3-afe0-de5a62da51fd.bf1707729773d43f8c857fda3c29db41.jpeg?odnHeight=226&amp;odnWidth=226&amp;odnBg=FFFFFF 1x, https://i5.walmartimages.com/seo/Blue-Diamond-Dark-Chocolate-Sea-Salt-Caramel-Thin-Dipped-Almonds_f6bfa494-6c61-4fb3-afe0-de5a62da51fd.bf1707729773d43f8c857fda3c29db41.jpeg?odnHeight=576&amp;odnWidth=576&amp;odnBg=FFFFFF 2x" src="https://i5.walmartimages.com/seo/Blue-Diamond-Dark-Chocolate-Sea-Salt-Caramel-Thin-Dipped-Almonds_f6bfa494-6c61-4fb3-afe0-de5a62da51fd.bf1707729773d43f8c857fda3c29db41.jpeg?odnHeight=576&amp;odnWidth=576&amp;odnBg=FFFFFF" width="" height="" class="absolute top-0 left-0" data-testid="productTileImage" alt="Blue Diamond Dark Chocolate Sea Salt Caramel Thin Dipped Almonds"/></div><div class="z-2 absolute bottom--1"><div class="relative dib" data-id="1454884177"><button class="w_hhLG w_8nsR w_jDfj pointer bn sans-serif b ph2 flex items-center justify-center w-auto shadow-1" type="button" data-pcss-hide="true" data-automation-id="add-to-cart" aria-label="Add to cart - Blue Diamond Dark Chocolate Sea Salt Caramel Thin Dipped Almonds"><i class="ld ld-Plus" style="font-size:1.5rem;vertical-align:-0.25em;width:1.5rem;height:1.5rem;box-sizing:content-box" title="add to cart"></i><span class="mr2">Add</span></button></div></div></div><div class="mt5 mb0" style="height:24px" data-testid="variant-1454884177"><div class="f7 lh-solid tc h1 v-mid"><div aria-hidden="true" aria-labelledby="variants-1454884177">+2 options</div><span class="w_iUH7" id="variants-1454884177">Available in additional 2 options</span></div></div><div data-automation-id="product-price" class="flex flex-wrap justify-start items-center lh-title mb1-m"><div class="mr1 mr2-xl b black lh-copy f5 f4-l" aria-hidden="true">$3.48</div><span class="w_iUH7">current price $3.48</span><div class="gray mr1 f7 f6-l">87.0 ¢/ounces</div></div><span class=""><span class="w_V_DM" style="-webkit-line-clamp:3;padding-bottom:0em;margin-bottom:-0em"><span data-automation-id="product-title" class="normal dark-gray mb0 mt1 lh-title f6 f5-l">Blue Diamond Dark Chocolate Sea Salt Caramel Thin Dipped Almonds</span></span></span><div class="flex items-center mt2"><span class="black inline-flex mr1" data-testid="product-ratings" data-value="4.8"><i class="ld ld-StarFill" style="font-size:12px;vertical-align:-0.175em;width:12px;height:12px;box-sizing:content-box" aria-hidden="true"></i><i class="ld ld-StarFill" style="font-size:12px;vertical-align:-0.175em;width:12px;height:12px;box-sizing:content-box" aria-hidden="true"></i><i class="ld ld-StarFill" style="font-size:12px;vertical-align:-0.175em;width:12px;height:12px;box-sizing:content-box" aria-hidden="true"></i><i class="ld ld-StarFill" style="font-size:12px;vertical-align:-0.175em;width:12px;height:12px;box-sizing:content-box" aria-hidden="true"></i><i class="ld ld-StarFill" style="font-size:12px;vertical-align:-0.175em;width:12px;height:12px;box-sizing:content-box" aria-hidden="true"></i></span><span class="sans-serif gray f7" aria-hidden="true" data-testid="product-reviews" data-value="159">159</span><span class="w_iUH7">4.8 out of 5 Stars. 159 reviews</span></div><div></div><div class="mb2 mt2"><span class="w_iUH7">Available for Pickup, Delivery or 1-day shipping</span><span class="w_VbBP w_mFV6 w_I_19 w_3oNC w_AAn7 mr1 mt1 ph1" aria-hidden="true">Pickup</span><span class="w_VbBP w_mFV6 w_I_19 w_3oNC w_AAn7 mr1 mt1 ph1" aria-hidden="true">Delivery</span><span class="w_VbBP w_mFV6 w_I_19 w_3oNC w_AAn7 mr1 mt1 ph1" aria-hidden="true">1-day shipping</span></div></div></li><li class="flex flex-column items-center pa1 pr2 pb2" data-slide="5"><div role="group" data-item-id="49409657" class="sans-serif mid-gray relative flex flex-column w-100 h-100 hide-child-opacity" data-testid="product-tile-5" aria-label="Product"><a link-identifier="49409657" class="absolute w-100 h-100 z-1 hide-sibling-opacity" target="" href="/ip/Hillshire-Farm-Hardwood-Smoked-Summer-Sausage-20-oz/49409657?athcpid=49409657&amp;athpgid=AthenaContentPage_4740967&amp;athcgid=null&amp;athznid=ItemCarousel_8be9204f-7390-42fd-b2c1-ee10ccdca1fe_items&amp;athieid=v0&amp;athstid=CS020&amp;athguid=s-SwGJlwQKwJx4-cn3aD3PFfAgOp1Vtd9RFT&amp;athancid=null&amp;athena=true&amp;athbdg=L1600"><span class="w_iUH7"><h3>Hillshire Farm Hardwood Smoked Summer Sausage, 20 oz</h3></span></a><div class="h2 relative mv2"><span class="w_VbBP w_mFV6 w_awtt w_3oNC w_3H8O tag-leading-badge absolute">Best seller</span></div><div class="relative"><div class="relative overflow-hidden" style="max-width:226px;height:0;padding-bottom:min(226px, 100%);align-self:center;width:min(226px, 100%)"><img loading="lazy" srcset="https://i5.walmartimages.com/asr/a06ecb71-83e8-4816-b316-241b3558ecad.5be01097a86be27b01a7b02f47f32aee.jpeg?odnHeight=226&amp;odnWidth=226&amp;odnBg=FFFFFF 1x, https://i5.walmartimages.com/asr/a06ecb71-83e8-4816-b316-241b3558ecad.5be01097a86be27b01a7b02f47f32aee.jpeg?odnHeight=576&amp;odnWidth=576&amp;odnBg=FFFFFF 2x" src="https://i5.walmartimages.com/asr/a06ecb71-83e8-4816-b316-241b3558ecad.5be01097a86be27b01a7b02f47f32aee.jpeg?odnHeight=576&amp;odnWidth=576&amp;odnBg=FFFFFF" width="" height="" class="absolute top-0 left-0" data-testid="productTileImage" alt="Hillshire Farm Hardwood Smoked Summer Sausage, 20 oz"/></div><div class="z-2 absolute bottom--1"><div class="relative dib" data-id="49409657"><button class="w_hhLG w_8nsR w_jDfj pointer bn sans-serif b ph2 flex items-center justify-center w-auto shadow-1" type="button" data-pcss-hide="true" data-automation-id="add-to-cart" aria-label="Add to cart - Hillshire Farm Hardwood Smoked Summer Sausage, 20 oz"><i class="ld ld-Plus" style="font-size:1.5rem;vertical-align:-0.25em;width:1.5rem;height:1.5rem;box-sizing:content-box" title="add to cart"></i><span class="mr2">Add</span></button></div></div></div><div class="mt5 mb0" style="height:24px" data-testid="variant-49409657"></div><div data-automation-id="product-price" class="flex flex-wrap justify-start items-center lh-title mb1-m"><div class="mr1 mr2-xl b black lh-copy f5 f4-l" aria-hidden="true">$6.97</div><span class="w_iUH7">current price $6.97</span><div class="gray mr1 f7 f6-l">$5.58/lb</div></div><span class=""><span class="w_V_DM" style="-webkit-line-clamp:3;padding-bottom:0em;margin-bottom:-0em"><span data-automation-id="product-title" class="normal dark-gray mb0 mt1 lh-title f6 f5-l">Hillshire Farm Hardwood Smoked Summer Sausage, 20 oz</span></span></span><div class="flex items-center mt2"><span class="black inline-flex mr1" data-testid="product-ratings" data-value="4.1"><i class="ld ld-StarFill" style="font-size:12px;vertical-align:-0.175em;width:12px;height:12px;box-sizing:content-box" aria-hidden="true"></i><i class="ld ld-StarFill" style="font-size:12px;vertical-align:-0.175em;width:12px;height:12px;box-sizing:content-box" aria-hidden="true"></i><i class="ld ld-StarFill" style="font-size:12px;vertical-align:-0.175em;width:12px;height:12px;box-sizing:content-box" aria-hidden="true"></i><i class="ld ld-StarFill" style="font-size:12px;vertical-align:-0.175em;width:12px;height:12px;box-sizing:content-box" aria-hidden="true"></i><i class="ld ld-Star" style="font-size:12px;vertical-align:-0.175em;width:12px;height:12px;box-sizing:content-box" aria-hidden="true"></i></span><span class="sans-serif gray f7" aria-hidden="true" data-testid="product-reviews" data-value="214">214</span><span class="w_iUH7">4.1 out of 5 Stars. 214 reviews</span></div><div></div><div class="mb2 mt2"><span class="w_iUH7">Available for Pickup or Delivery</span><span class="w_VbBP w_mFV6 w_I_19 w_3oNC w_AAn7 mr1 mt1 ph1" aria-hidden="true">Pickup</span><span class="w_VbBP w_mFV6 w_I_19 w_3oNC w_AAn7 mr1 mt1 ph1" aria-hidden="true">Delivery</span></div></div></li><li class="flex flex-column items-center pa1 pr2 pb2" data-slide="6"><div role="group" data-item-id="44391106" class="sans-serif mid-gray relative flex flex-column w-100 h-100 hide-child-opacity" data-testid="product-tile-6" aria-label="Product"><a link-identifier="44391106" class="absolute w-100 h-100 z-1 hide-sibling-opacity" target="" href="/ip/Red-Apple-Cheese-Apple-Smoked-Natural-Gouda-8-oz-Round/44391106?athcpid=44391106&amp;athpgid=AthenaContentPage_4740967&amp;athcgid=null&amp;athznid=ItemCarousel_8be9204f-7390-42fd-b2c1-ee10ccdca1fe_items&amp;athieid=v0&amp;athstid=CS020&amp;athguid=s-SwGJlwQKwJx4-cn3aD3PFfAgOp1Vtd9RFT&amp;athancid=null&amp;athena=true"><span class="w_iUH7"><h3>Red Apple Cheese Apple Smoked Natural Gouda, 8 oz Round</h3></span></a><div class="h2 relative mv2"></div><div class="relative"><div class="relative overflow-hidden" style="max-width:226px;height:0;padding-bottom:min(226px, 100%);align-self:center;width:min(226px, 100%)"><img loading="lazy" srcset="https://i5.walmartimages.com/asr/775ca8fe-f1b2-4ae0-8f31-8c1925648e01.7b44a684d1323f70a20abf1d46efa0c0.jpeg?odnHeight=226&amp;odnWidth=226&amp;odnBg=FFFFFF 1x, https://i5.walmartimages.com/asr/775ca8fe-f1b2-4ae0-8f31-8c1925648e01.7b44a684d1323f70a20abf1d46efa0c0.jpeg?odnHeight=576&amp;odnWidth=576&amp;odnBg=FFFFFF 2x" src="https://i5.walmartimages.com/asr/775ca8fe-f1b2-4ae0-8f31-8c1925648e01.7b44a684d1323f70a20abf1d46efa0c0.jpeg?odnHeight=576&amp;odnWidth=576&amp;odnBg=FFFFFF" width="" height="" class="absolute top-0 left-0" data-testid="productTileImage" alt="Red Apple Cheese Apple Smoked Natural Gouda, 8 oz Round"/></div><div class="z-2 absolute bottom--1"><div class="relative dib" data-id="44391106"><button class="w_hhLG w_8nsR w_jDfj pointer bn sans-serif b ph2 flex items-center justify-center w-auto shadow-1" type="button" data-pcss-hide="true" data-automation-id="add-to-cart" aria-label="Add to cart - Red Apple Cheese Apple Smoked Natural Gouda, 8 oz Round"><i class="ld ld-Plus" style="font-size:1.5rem;vertical-align:-0.25em;width:1.5rem;height:1.5rem;box-sizing:content-box" title="add to cart"></i><span class="mr2">Add</span></button></div></div></div><div class="mt5 mb0" style="height:24px" data-testid="variant-44391106"></div><div data-automation-id="product-price" class="flex flex-wrap justify-start items-center lh-title mb1-m"><div class="mr1 mr2-xl b black lh-copy f5 f4-l" aria-hidden="true">$4.24</div><span class="w_iUH7">current price $4.24</span><div class="gray mr1 f7 f6-l">$4.24/ea</div></div><span class=""><span class="w_V_DM" style="-webkit-line-clamp:3;padding-bottom:0em;margin-bottom:-0em"><span data-automation-id="product-title" class="normal dark-gray mb0 mt1 lh-title f6 f5-l">Red Apple Cheese Apple Smoked Natural Gouda, 8 oz Round</span></span></span><div class="flex items-center mt2"><span class="black inline-flex mr1" data-testid="product-ratings" data-value="4.1"><i class="ld ld-StarFill" style="font-size:12px;vertical-align:-0.175em;width:12px;height:12px;box-sizing:content-box" aria-hidden="true"></i><i class="ld ld-StarFill" style="font-size:12px;vertical-align:-0.175em;width:12px;height:12px;box-sizing:content-box" aria-hidden="true"></i><i class="ld ld-StarFill" style="font-size:12px;vertical-align:-0.175em;width:12px;height:12px;box-sizing:content-box" aria-hidden="true"></i><i class="ld ld-StarFill" style="font-size:12px;vertical-align:-0.175em;width:12px;height:12px;box-sizing:content-box" aria-hidden="true"></i><i class="ld ld-Star" style="font-size:12px;vertical-align:-0.175em;width:12px;height:12px;box-sizing:content-box" aria-hidden="true"></i></span><span class="sans-serif gray f7" aria-hidden="true" data-testid="product-reviews" data-value="70">70</span><span class="w_iUH7">4.1 out of 5 Stars. 70 reviews</span></div><div></div><div class="mb2 mt2"><span class="w_iUH7">Available for Pickup or Delivery</span><span class="w_VbBP w_mFV6 w_I_19 w_3oNC w_AAn7 mr1 mt1 ph1" aria-hidden="true">Pickup</span><span class="w_VbBP w_mFV6 w_I_19 w_3oNC w_AAn7 mr1 mt1 ph1" aria-hidden="true">Delivery</span></div></div></li><li class="flex flex-column items-center pa1 pr2 pb2" data-slide="7"><div role="group" data-item-id="11046065" class="sans-serif mid-gray relative flex flex-column w-100 h-100 hide-child-opacity" data-testid="product-tile-7" aria-label="Product"><a link-identifier="11046065" class="absolute w-100 h-100 z-1 hide-sibling-opacity" target="" href="/ip/Boursin-Garlic-Fine-Herbs-Spreadable-Gournay-Cheese-5-2-oz-Puck-in-a-Box-Refrigerated/11046065?athcpid=11046065&amp;athpgid=AthenaContentPage_4740967&amp;athcgid=null&amp;athznid=ItemCarousel_8be9204f-7390-42fd-b2c1-ee10ccdca1fe_items&amp;athieid=v0&amp;athstid=CS020&amp;athguid=s-SwGJlwQKwJx4-cn3aD3PFfAgOp1Vtd9RFT&amp;athancid=null&amp;athena=true&amp;athbdg=L1600"><span class="w_iUH7"><h3>Boursin Garlic &amp; Fine Herbs Spreadable Gournay Cheese, 5.2 oz., Puck in a Box. Refrigerated</h3></span></a><div class="h2 relative mv2"><span class="w_VbBP w_mFV6 w_awtt w_3oNC w_3H8O tag-leading-badge absolute">Best seller</span></div><div class="relative"><div class="relative overflow-hidden" style="max-width:226px;height:0;padding-bottom:min(226px, 100%);align-self:center;width:min(226px, 100%)"><img loading="lazy" srcset="https://i5.walmartimages.com/asr/515037c7-54b0-483e-ba47-ed0e832b61c8.880e4d56d92c01f85d727c48ca344652.jpeg?odnHeight=226&amp;odnWidth=226&amp;odnBg=FFFFFF 1x, https://i5.walmartimages.com/asr/515037c7-54b0-483e-ba47-ed0e832b61c8.880e4d56d92c01f85d727c48ca344652.jpeg?odnHeight=576&amp;odnWidth=576&amp;odnBg=FFFFFF 2x" src="https://i5.walmartimages.com/asr/515037c7-54b0-483e-ba47-ed0e832b61c8.880e4d56d92c01f85d727c48ca344652.jpeg?odnHeight=576&amp;odnWidth=576&amp;odnBg=FFFFFF" width="" height="" class="absolute top-0 left-0" data-testid="productTileImage" alt="Boursin Garlic &amp; Fine Herbs Spreadable Gournay Cheese, 5.2 oz., Puck in a Box. Refrigerated"/></div><div class="z-2 absolute bottom--1"><div class="relative dib" data-id="11046065"><button class="w_hhLG w_8nsR w_jDfj pointer bn sans-serif b ph2 flex items-center justify-center w-auto shadow-1" type="button" data-pcss-hide="true" data-automation-id="add-to-cart" aria-label="Add to cart - Boursin Garlic &amp; Fine Herbs Spreadable Gournay Cheese, 5.2 oz., Puck in a Box. Refrigerated"><i class="ld ld-Plus" style="font-size:1.5rem;vertical-align:-0.25em;width:1.5rem;height:1.5rem;box-sizing:content-box" title="add to cart"></i><span class="mr2">Add</span></button></div></div></div><div class="mt5 mb0" style="height:24px" data-testid="variant-11046065"></div><div data-automation-id="product-price" class="flex flex-wrap justify-start items-center lh-title mb1-m"><div class="mr1 mr2-xl b black lh-copy f5 f4-l" aria-hidden="true">$5.26</div><span class="w_iUH7">current price $5.26</span><div class="gray mr1 f7 f6-l">$1.01/oz</div></div><span class=""><span class="w_V_DM" style="-webkit-line-clamp:3;padding-bottom:0em;margin-bottom:-0em"><span data-automation-id="product-title" class="normal dark-gray mb0 mt1 lh-title f6 f5-l">Boursin Garlic &amp; Fine Herbs Spreadable Gournay Cheese, 5.2 oz., Puck in a Box. Refrigerated</span></span></span><div class="flex items-center mt2"><span class="black inline-flex mr1" data-testid="product-ratings" data-value="4.6"><i class="ld ld-StarFill" style="font-size:12px;vertical-align:-0.175em;width:12px;height:12px;box-sizing:content-box" aria-hidden="true"></i><i class="ld ld-StarFill" style="font-size:12px;vertical-align:-0.175em;width:12px;height:12px;box-sizing:content-box" aria-hidden="true"></i><i class="ld ld-StarFill" style="font-size:12px;vertical-align:-0.175em;width:12px;height:12px;box-sizing:content-box" aria-hidden="true"></i><i class="ld ld-StarFill" style="font-size:12px;vertical-align:-0.175em;width:12px;height:12px;box-sizing:content-box" aria-hidden="true"></i><i class="ld ld-StarHalf" style="font-size:12px;vertical-align:-0.175em;width:12px;height:12px;box-sizing:content-box" aria-hidden="true"></i></span><span class="sans-serif gray f7" aria-hidden="true" data-testid="product-reviews" data-value="251">251</span><span class="w_iUH7">4.6 out of 5 Stars. 251 reviews</span></div><div></div><div class="mb2 mt2"><span class="w_iUH7">Available for Pickup or Delivery</span><span class="w_VbBP w_mFV6 w_I_19 w_3oNC w_AAn7 mr1 mt1 ph1" aria-hidden="true">Pickup</span><span class="w_VbBP w_mFV6 w_I_19 w_3oNC w_AAn7 mr1 mt1 ph1" aria-hidden="true">Delivery</span></div></div></li><li class="flex flex-column items-center pa1 pr2 pb2" data-slide="8"><div role="group" data-item-id="21289068" class="sans-serif mid-gray relative flex flex-column w-100 h-100 hide-child-opacity" data-testid="product-tile-8" aria-label="Product"><a link-identifier="21289068" class="absolute w-100 h-100 z-1 hide-sibling-opacity" target="" href="/ip/HORMEL-GATHERINGS-Hard-Salami-and-Pepperoni-with-Cheese-and-Crackers-28oz-Deli-Party-Tray/21289068?athcpid=21289068&amp;athpgid=AthenaContentPage_4740967&amp;athcgid=null&amp;athznid=ItemCarousel_8be9204f-7390-42fd-b2c1-ee10ccdca1fe_items&amp;athieid=v0&amp;athstid=CS020&amp;athguid=s-SwGJlwQKwJx4-cn3aD3PFfAgOp1Vtd9RFT&amp;athancid=null&amp;athena=true&amp;athbdg=L1600"><span class="w_iUH7"><h3>HORMEL GATHERINGS, Hard Salami and Pepperoni with Cheese and Crackers,  28oz Deli Party Tray</h3></span></a><div class="h2 relative mv2"><span class="w_VbBP w_mFV6 w_awtt w_3oNC w_3H8O tag-leading-badge absolute">Best seller</span></div><div class="relative"><div class="relative overflow-hidden" style="max-width:226px;height:0;padding-bottom:min(226px, 100%);align-self:center;width:min(226px, 100%)"><img loading="lazy" srcset="https://i5.walmartimages.com/asr/fc50b3df-0422-4cdd-9e09-a9627b4b57ac.850f0b255414551722e35798ba0347a7.jpeg?odnHeight=226&amp;odnWidth=226&amp;odnBg=FFFFFF 1x, https://i5.walmartimages.com/asr/fc50b3df-0422-4cdd-9e09-a9627b4b57ac.850f0b255414551722e35798ba0347a7.jpeg?odnHeight=576&amp;odnWidth=576&amp;odnBg=FFFFFF 2x" src="https://i5.walmartimages.com/asr/fc50b3df-0422-4cdd-9e09-a9627b4b57ac.850f0b255414551722e35798ba0347a7.jpeg?odnHeight=576&amp;odnWidth=576&amp;odnBg=FFFFFF" width="" height="" class="absolute top-0 left-0" data-testid="productTileImage" alt="HORMEL GATHERINGS, Hard Salami and Pepperoni with Cheese and Crackers,  28oz Deli Party Tray"/></div><div class="z-2 absolute bottom--1"><div class="relative dib" data-id="21289068"><button class="w_hhLG w_8nsR w_jDfj pointer bn sans-serif b ph2 flex items-center justify-center w-auto shadow-1" type="button" data-pcss-hide="true" data-automation-id="add-to-cart" aria-label="Add to cart - HORMEL GATHERINGS, Hard Salami and Pepperoni with Cheese and Crackers,  28oz Deli Party Tray"><i class="ld ld-Plus" style="font-size:1.5rem;vertical-align:-0.25em;width:1.5rem;height:1.5rem;box-sizing:content-box" title="add to cart"></i><span class="mr2">Add</span></button></div></div></div><div class="mt5 mb0" style="height:24px" data-testid="variant-21289068"></div><div data-automation-id="product-price" class="flex flex-wrap justify-start items-center lh-title mb1-m"><div class="mr1 mr2-xl b black lh-copy f5 f4-l" aria-hidden="true">$13.98</div><span class="w_iUH7">current price $13.98</span><div class="gray mr1 f7 f6-l">49.9 ¢/oz</div></div><span class=""><span class="w_V_DM" style="-webkit-line-clamp:3;padding-bottom:0em;margin-bottom:-0em"><span data-automation-id="product-title" class="normal dark-gray mb0 mt1 lh-title f6 f5-l">HORMEL GATHERINGS, Hard Salami and Pepperoni with Cheese and Crackers,  28oz Deli Party Tray</span></span></span><div class="flex items-center mt2"><span class="black inline-flex mr1" data-testid="product-ratings" data-value="4"><i class="ld ld-StarFill" style="font-size:12px;vertical-align:-0.175em;width:12px;height:12px;box-sizing:content-box" aria-hidden="true"></i><i class="ld ld-StarFill" style="font-size:12px;vertical-align:-0.175em;width:12px;height:12px;box-sizing:content-box" aria-hidden="true"></i><i class="ld ld-StarFill" style="font-size:12px;vertical-align:-0.175em;width:12px;height:12px;box-sizing:content-box" aria-hidden="true"></i><i class="ld ld-StarFill" style="font-size:12px;vertical-align:-0.175em;width:12px;height:12px;box-sizing:content-box" aria-hidden="true"></i><i class="ld ld-Star" style="font-size:12px;vertical-align:-0.175em;width:12px;height:12px;box-sizing:content-box" aria-hidden="true"></i></span><span class="sans-serif gray f7" aria-hidden="true" data-testid="product-reviews" data-value="446">446</span><span class="w_iUH7">4 out of 5 Stars. 446 reviews</span></div><div></div><div class="mb2 mt2"><span class="w_iUH7">Available for Pickup or Delivery</span><span class="w_VbBP w_mFV6 w_I_19 w_3oNC w_AAn7 mr1 mt1 ph1" aria-hidden="true">Pickup</span><span class="w_VbBP w_mFV6 w_I_19 w_3oNC w_AAn7 mr1 mt1 ph1" aria-hidden="true">Delivery</span></div></div></li><li class="flex flex-column items-center pa1 pr2 pb2" data-slide="9"><div role="group" data-item-id="10451315" class="sans-serif mid-gray relative flex flex-column w-100 h-100 hide-child-opacity" data-testid="product-tile-9" aria-label="Product"><a link-identifier="10451315" class="absolute w-100 h-100 z-1 hide-sibling-opacity" target="" href="/ip/Fresh-Baby-Cut-Carrots-1lb-Bag/10451315?athcpid=10451315&amp;athpgid=AthenaContentPage_4740967&amp;athcgid=null&amp;athznid=ItemCarousel_8be9204f-7390-42fd-b2c1-ee10ccdca1fe_items&amp;athieid=v0&amp;athstid=CS020&amp;athguid=s-SwGJlwQKwJx4-cn3aD3PFfAgOp1Vtd9RFT&amp;athancid=null&amp;athena=true&amp;athbdg=L1600"><span class="w_iUH7"><h3>Fresh Baby-Cut Carrots, 1lb Bag</h3></span></a><div class="h2 relative mv2"><span class="w_VbBP w_mFV6 w_awtt w_3oNC w_3H8O tag-leading-badge absolute">Best seller</span></div><div class="relative"><div class="relative overflow-hidden" style="max-width:226px;height:0;padding-bottom:min(226px, 100%);align-self:center;width:min(226px, 100%)"><img loading="lazy" srcset="https://i5.walmartimages.com/asr/357cdebb-c5cb-4a9b-84c4-86bae80f4851.3757443b67245ffb811711a48da24042.jpeg?odnHeight=226&amp;odnWidth=226&amp;odnBg=FFFFFF 1x, https://i5.walmartimages.com/asr/357cdebb-c5cb-4a9b-84c4-86bae80f4851.3757443b67245ffb811711a48da24042.jpeg?odnHeight=576&amp;odnWidth=576&amp;odnBg=FFFFFF 2x" src="https://i5.walmartimages.com/asr/357cdebb-c5cb-4a9b-84c4-86bae80f4851.3757443b67245ffb811711a48da24042.jpeg?odnHeight=576&amp;odnWidth=576&amp;odnBg=FFFFFF" width="" height="" class="absolute top-0 left-0" data-testid="productTileImage" alt="Fresh Baby-Cut Carrots, 1lb Bag"/></div><div class="z-2 absolute bottom--1"><div class="relative dib" data-id="10451315"><button class="w_hhLG w_8nsR w_jDfj pointer bn sans-serif b ph2 flex items-center justify-center w-auto shadow-1" type="button" data-pcss-hide="true" data-automation-id="add-to-cart" aria-label="Add to cart - Fresh Baby-Cut Carrots, 1lb Bag"><i class="ld ld-Plus" style="font-size:1.5rem;vertical-align:-0.25em;width:1.5rem;height:1.5rem;box-sizing:content-box" title="add to cart"></i><span class="mr2">Add</span></button></div></div></div><div class="mt5 mb0" style="height:24px" data-testid="variant-10451315"></div><div data-automation-id="product-price" class="flex flex-wrap justify-start items-center lh-title mb1-m"><div class="mr1 mr2-xl b black lh-copy f5 f4-l" aria-hidden="true">$1.24</div><span class="w_iUH7">current price $1.24</span><div class="gray mr1 f7 f6-l">7.8 ¢/oz</div></div><span class=""><span class="w_V_DM" style="-webkit-line-clamp:3;padding-bottom:0em;margin-bottom:-0em"><span data-automation-id="product-title" class="normal dark-gray mb0 mt1 lh-title f6 f5-l">Fresh Baby-Cut Carrots, 1lb Bag</span></span></span><div class="flex items-center mt2"><span class="black inline-flex mr1" data-testid="product-ratings" data-value="4.1"><i class="ld ld-StarFill" style="font-size:12px;vertical-align:-0.175em;width:12px;height:12px;box-sizing:content-box" aria-hidden="true"></i><i class="ld ld-StarFill" style="font-size:12px;vertical-align:-0.175em;width:12px;height:12px;box-sizing:content-box" aria-hidden="true"></i><i class="ld ld-StarFill" style="font-size:12px;vertical-align:-0.175em;width:12px;height:12px;box-sizing:content-box" aria-hidden="true"></i><i class="ld ld-StarFill" style="font-size:12px;vertical-align:-0.175em;width:12px;height:12px;box-sizing:content-box" aria-hidden="true"></i><i class="ld ld-Star" style="font-size:12px;vertical-align:-0.175em;width:12px;height:12px;box-sizing:content-box" aria-hidden="true"></i></span><span class="sans-serif gray f7" aria-hidden="true" data-testid="product-reviews" data-value="1681">1681</span><span class="w_iUH7">4.1 out of 5 Stars. 1681 reviews</span></div><div></div><div class="mb2 mt2"><span class="w_iUH7">Available for Pickup or Delivery</span><span class="w_VbBP w_mFV6 w_I_19 w_3oNC w_AAn7 mr1 mt1 ph1" aria-hidden="true">Pickup</span><span class="w_VbBP w_mFV6 w_I_19 w_3oNC w_AAn7 mr1 mt1 ph1" aria-hidden="true">Delivery</span></div></div></li><li class="flex flex-column items-center pa1 pr2 pb2" data-slide="10"><div role="group" data-item-id="155642117" class="sans-serif mid-gray relative flex flex-column w-100 h-100 hide-child-opacity" data-testid="product-tile-10" aria-label="Product"><a link-identifier="155642117" class="absolute w-100 h-100 z-1 hide-sibling-opacity" target="" href="/ip/President-Triple-Cream-Brie-Cheese-Wedge-4-oz-Refrigerated/155642117?athcpid=155642117&amp;athpgid=AthenaContentPage_4740967&amp;athcgid=null&amp;athznid=ItemCarousel_8be9204f-7390-42fd-b2c1-ee10ccdca1fe_items&amp;athieid=v0&amp;athstid=CS020&amp;athguid=s-SwGJlwQKwJx4-cn3aD3PFfAgOp1Vtd9RFT&amp;athancid=null&amp;athena=true&amp;athbdg=L1600"><span class="w_iUH7"><h3>President Triple Cream Brie Cheese Wedge, 4 oz (Refrigerated)</h3></span></a><div class="h2 relative mv2"><span class="w_VbBP w_mFV6 w_awtt w_3oNC w_3H8O tag-leading-badge absolute">Best seller</span></div><div class="relative"><div class="relative overflow-hidden" style="max-width:226px;height:0;padding-bottom:min(226px, 100%);align-self:center;width:min(226px, 100%)"><img loading="lazy" srcset="https://i5.walmartimages.com/asr/dc4decea-154c-49db-8ec3-fc79a779c09a.dd8a91c6cf7fdedc7a2fbff002791687.jpeg?odnHeight=226&amp;odnWidth=226&amp;odnBg=FFFFFF 1x, https://i5.walmartimages.com/asr/dc4decea-154c-49db-8ec3-fc79a779c09a.dd8a91c6cf7fdedc7a2fbff002791687.jpeg?odnHeight=576&amp;odnWidth=576&amp;odnBg=FFFFFF 2x" src="https://i5.walmartimages.com/asr/dc4decea-154c-49db-8ec3-fc79a779c09a.dd8a91c6cf7fdedc7a2fbff002791687.jpeg?odnHeight=576&amp;odnWidth=576&amp;odnBg=FFFFFF" width="" height="" class="absolute top-0 left-0" data-testid="productTileImage" alt="President Triple Cream Brie Cheese Wedge, 4 oz (Refrigerated)"/></div><div class="z-2 absolute bottom--1"><div class="relative dib" data-id="155642117"><button class="w_hhLG w_8nsR w_jDfj pointer bn sans-serif b ph2 flex items-center justify-center w-auto shadow-1" type="button" data-pcss-hide="true" data-automation-id="add-to-cart" aria-label="Add to cart - President Triple Cream Brie Cheese Wedge, 4 oz (Refrigerated)"><i class="ld ld-Plus" style="font-size:1.5rem;vertical-align:-0.25em;width:1.5rem;height:1.5rem;box-sizing:content-box" title="add to cart"></i><span class="mr2">Add</span></button></div></div></div><div class="mt5 mb0" style="height:24px" data-testid="variant-155642117"></div><div data-automation-id="product-price" class="flex flex-wrap justify-start items-center lh-title mb1-m"><div class="mr1 mr2-xl b black lh-copy f5 f4-l" aria-hidden="true">$2.97</div><span class="w_iUH7">current price $2.97</span><div class="gray mr1 f7 f6-l">74.3 ¢/oz</div></div><span class=""><span class="w_V_DM" style="-webkit-line-clamp:3;padding-bottom:0em;margin-bottom:-0em"><span data-automation-id="product-title" class="normal dark-gray mb0 mt1 lh-title f6 f5-l">President Triple Cream Brie Cheese Wedge, 4 oz (Refrigerated)</span></span></span><div class="flex items-center mt2"><span class="black inline-flex mr1" data-testid="product-ratings" data-value="3.5"><i class="ld ld-StarFill" style="font-size:12px;vertical-align:-0.175em;width:12px;height:12px;box-sizing:content-box" aria-hidden="true"></i><i class="ld ld-StarFill" style="font-size:12px;vertical-align:-0.175em;width:12px;height:12px;box-sizing:content-box" aria-hidden="true"></i><i class="ld ld-StarFill" style="font-size:12px;vertical-align:-0.175em;width:12px;height:12px;box-sizing:content-box" aria-hidden="true"></i><i class="ld ld-StarHalf" style="font-size:12px;vertical-align:-0.175em;width:12px;height:12px;box-sizing:content-box" aria-hidden="true"></i><i class="ld ld-Star" style="font-size:12px;vertical-align:-0.175em;width:12px;height:12px;box-sizing:content-box" aria-hidden="true"></i></span><span class="sans-serif gray f7" aria-hidden="true" data-testid="product-reviews" data-value="17">17</span><span class="w_iUH7">3.5 out of 5 Stars. 17 reviews</span></div><div></div><div class="mb2 mt2"><span class="w_iUH7">Available for Pickup or Delivery</span><span class="w_VbBP w_mFV6 w_I_19 w_3oNC w_AAn7 mr1 mt1 ph1" aria-hidden="true">Pickup</span><span class="w_VbBP w_mFV6 w_I_19 w_3oNC w_AAn7 mr1 mt1 ph1" aria-hidden="true">Delivery</span></div></div></li><li class="flex flex-column items-center pa1 pr2 pb2" data-slide="11"><div role="group" data-item-id="43421476" class="sans-serif mid-gray relative flex flex-column w-100 h-100 hide-child-opacity" data-testid="product-tile-11" aria-label="Product"><a link-identifier="43421476" class="absolute w-100 h-100 z-1 hide-sibling-opacity" target="" href="/ip/Snack-Factory-Original-Pretzel-Crisps-Non-GMO-14-oz-Party-Size-Bag/43421476?athcpid=43421476&amp;athpgid=AthenaContentPage_4740967&amp;athcgid=null&amp;athznid=ItemCarousel_8be9204f-7390-42fd-b2c1-ee10ccdca1fe_items&amp;athieid=v0&amp;athstid=CS020&amp;athguid=s-SwGJlwQKwJx4-cn3aD3PFfAgOp1Vtd9RFT&amp;athancid=null&amp;athena=true&amp;athbdg=L1600"><span class="w_iUH7"><h3>Snack Factory Original Pretzel Crisps, Non-GMO, 14 oz Party Size Bag</h3></span></a><div class="h2 relative mv2"><span class="w_VbBP w_mFV6 w_awtt w_3oNC w_3H8O tag-leading-badge absolute">Best seller</span></div><div class="relative"><div class="relative overflow-hidden" style="max-width:226px;height:0;padding-bottom:min(226px, 100%);align-self:center;width:min(226px, 100%)"><img loading="lazy" srcset="https://i5.walmartimages.com/asr/9c3f9d00-4dc0-413d-80ad-9d1d371811da.756bff16e9fe8833165e86fda21dbd02.jpeg?odnHeight=226&amp;odnWidth=226&amp;odnBg=FFFFFF 1x, https://i5.walmartimages.com/asr/9c3f9d00-4dc0-413d-80ad-9d1d371811da.756bff16e9fe8833165e86fda21dbd02.jpeg?odnHeight=576&amp;odnWidth=576&amp;odnBg=FFFFFF 2x" src="https://i5.walmartimages.com/asr/9c3f9d00-4dc0-413d-80ad-9d1d371811da.756bff16e9fe8833165e86fda21dbd02.jpeg?odnHeight=576&amp;odnWidth=576&amp;odnBg=FFFFFF" width="" height="" class="absolute top-0 left-0" data-testid="productTileImage" alt="Snack Factory Original Pretzel Crisps, Non-GMO, 14 oz Party Size Bag"/></div><div class="z-2 absolute bottom--1"><div class="relative dib" data-id="43421476"><button class="w_hhLG w_8nsR w_jDfj pointer bn sans-serif b ph2 flex items-center justify-center w-auto shadow-1" type="button" data-pcss-hide="true" data-automation-id="add-to-cart" aria-label="Add to cart - Snack Factory Original Pretzel Crisps, Non-GMO, 14 oz Party Size Bag"><i class="ld ld-Plus" style="font-size:1.5rem;vertical-align:-0.25em;width:1.5rem;height:1.5rem;box-sizing:content-box" title="add to cart"></i><span class="mr2">Add</span></button></div></div></div><div class="mt5 mb0" style="height:24px" data-testid="variant-43421476"></div><div data-automation-id="product-price" class="flex flex-wrap justify-start items-center lh-title mb1-m"><div class="mr1 mr2-xl b black lh-copy f5 f4-l" aria-hidden="true">$5.22</div><span class="w_iUH7">current price $5.22</span><div class="gray mr1 f7 f6-l">37.3 ¢/oz</div></div><span class=""><span class="w_V_DM" style="-webkit-line-clamp:3;padding-bottom:0em;margin-bottom:-0em"><span data-automation-id="product-title" class="normal dark-gray mb0 mt1 lh-title f6 f5-l">Snack Factory Original Pretzel Crisps, Non-GMO, 14 oz Party Size Bag</span></span></span><div class="flex items-center mt2"><span class="black inline-flex mr1" data-testid="product-ratings" data-value="4.4"><i class="ld ld-StarFill" style="font-size:12px;vertical-align:-0.175em;width:12px;height:12px;box-sizing:content-box" aria-hidden="true"></i><i class="ld ld-StarFill" style="font-size:12px;vertical-align:-0.175em;width:12px;height:12px;box-sizing:content-box" aria-hidden="true"></i><i class="ld ld-StarFill" style="font-size:12px;vertical-align:-0.175em;width:12px;height:12px;box-sizing:content-box" aria-hidden="true"></i><i class="ld ld-StarFill" style="font-size:12px;vertical-align:-0.175em;width:12px;height:12px;box-sizing:content-box" aria-hidden="true"></i><i class="ld ld-StarHalf" style="font-size:12px;vertical-align:-0.175em;width:12px;height:12px;box-sizing:content-box" aria-hidden="true"></i></span><span class="sans-serif gray f7" aria-hidden="true" data-testid="product-reviews" data-value="315">315</span><span class="w_iUH7">4.4 out of 5 Stars. 315 reviews</span></div><div></div><div class="mb2 mt2"><span class="w_iUH7">Available for Pickup, Delivery or 3+ day shipping</span><span class="w_VbBP w_mFV6 w_I_19 w_3oNC w_AAn7 mr1 mt1 ph1" aria-hidden="true">Pickup</span><span class="w_VbBP w_mFV6 w_I_19 w_3oNC w_AAn7 mr1 mt1 ph1" aria-hidden="true">Delivery</span><span class="w_VbBP w_mFV6 w_I_19 w_3oNC w_AAn7 mr1 mt1 ph1" aria-hidden="true">3+ day shipping</span></div></div></li><li class="flex flex-column items-center pa1 pr2 pb2" data-slide="12"><div role="group" data-item-id="218787293" class="sans-serif mid-gray relative flex flex-column w-100 h-100 hide-child-opacity" data-testid="product-tile-12" aria-label="Product"><a link-identifier="218787293" class="absolute w-100 h-100 z-1 hide-sibling-opacity" target="" href="/ip/Great-Value-Deluxe-Mixed-Nuts-30-oz/218787293?athcpid=218787293&amp;athpgid=AthenaContentPage_4740967&amp;athcgid=null&amp;athznid=ItemCarousel_8be9204f-7390-42fd-b2c1-ee10ccdca1fe_items&amp;athieid=v0&amp;athstid=CS020&amp;athguid=s-SwGJlwQKwJx4-cn3aD3PFfAgOp1Vtd9RFT&amp;athancid=null&amp;athena=true&amp;athbdg=L1600"><span class="w_iUH7"><h3>Great Value Deluxe Mixed Nuts, 30 oz</h3></span></a><div class="h2 relative mv2"><span class="w_VbBP w_mFV6 w_awtt w_3oNC w_3H8O tag-leading-badge absolute">Best seller</span></div><div class="relative"><div class="relative overflow-hidden" style="max-width:226px;height:0;padding-bottom:min(226px, 100%);align-self:center;width:min(226px, 100%)"><img loading="lazy" srcset="https://i5.walmartimages.com/asr/be351e2a-8c10-43bc-9697-3dac76a26b00.ac26dd39c280204e0a9624e3d710890b.jpeg?odnHeight=226&amp;odnWidth=226&amp;odnBg=FFFFFF 1x, https://i5.walmartimages.com/asr/be351e2a-8c10-43bc-9697-3dac76a26b00.ac26dd39c280204e0a9624e3d710890b.jpeg?odnHeight=576&amp;odnWidth=576&amp;odnBg=FFFFFF 2x" src="https://i5.walmartimages.com/asr/be351e2a-8c10-43bc-9697-3dac76a26b00.ac26dd39c280204e0a9624e3d710890b.jpeg?odnHeight=576&amp;odnWidth=576&amp;odnBg=FFFFFF" width="" height="" class="absolute top-0 left-0" data-testid="productTileImage" alt="Great Value Deluxe Mixed Nuts, 30 oz"/></div><div class="z-2 absolute bottom--1"><div class="relative dib" data-id="218787293"><button class="w_hhLG w_8nsR w_jDfj pointer bn sans-serif b ph2 flex items-center justify-center w-auto shadow-1" type="button" data-pcss-hide="true" data-automation-id="add-to-cart" aria-label="Add to cart - Great Value Deluxe Mixed Nuts, 30 oz"><i class="ld ld-Plus" style="font-size:1.5rem;vertical-align:-0.25em;width:1.5rem;height:1.5rem;box-sizing:content-box" title="add to cart"></i><span class="mr2">Add</span></button></div></div></div><div class="mt5 mb0" style="height:24px" data-testid="variant-218787293"></div><div data-automation-id="product-price" class="flex flex-wrap justify-start items-center lh-title mb1-m"><div class="mr1 mr2-xl b black lh-copy f5 f4-l" aria-hidden="true">$14.98</div><span class="w_iUH7">current price $14.98</span><div class="gray mr1 f7 f6-l">49.9 ¢/oz</div></div><span class=""><span class="w_V_DM" style="-webkit-line-clamp:3;padding-bottom:0em;margin-bottom:-0em"><span data-automation-id="product-title" class="normal dark-gray mb0 mt1 lh-title f6 f5-l">Great Value Deluxe Mixed Nuts, 30 oz</span></span></span><div class="flex items-center mt2"><span class="black inline-flex mr1" data-testid="product-ratings" data-value="3.6"><i class="ld ld-StarFill" style="font-size:12px;vertical-align:-0.175em;width:12px;height:12px;box-sizing:content-box" aria-hidden="true"></i><i class="ld ld-StarFill" style="font-size:12px;vertical-align:-0.175em;width:12px;height:12px;box-sizing:content-box" aria-hidden="true"></i><i class="ld ld-StarFill" style="font-size:12px;vertical-align:-0.175em;width:12px;height:12px;box-sizing:content-box" aria-hidden="true"></i><i class="ld ld-StarHalf" style="font-size:12px;vertical-align:-0.175em;width:12px;height:12px;box-sizing:content-box" aria-hidden="true"></i><i class="ld ld-Star" style="font-size:12px;vertical-align:-0.175em;width:12px;height:12px;box-sizing:content-box" aria-hidden="true"></i></span><span class="sans-serif gray f7" aria-hidden="true" data-testid="product-reviews" data-value="137">137</span><span class="w_iUH7">3.6 out of 5 Stars. 137 reviews</span></div><div></div><div class="mb2 mt2"><span class="w_iUH7">Available for Pickup, Delivery or 1-day shipping</span><span class="w_VbBP w_mFV6 w_I_19 w_3oNC w_AAn7 mr1 mt1 ph1" aria-hidden="true">Pickup</span><span class="w_VbBP w_mFV6 w_I_19 w_3oNC w_AAn7 mr1 mt1 ph1" aria-hidden="true">Delivery</span><span class="w_VbBP w_mFV6 w_I_19 w_3oNC w_AAn7 mr1 mt1 ph1" aria-hidden="true">1-day shipping</span></div></div></li><li class="flex flex-column items-center pa1 pr2 pb2" data-slide="13"><div role="group" data-item-id="445089340" class="sans-serif mid-gray relative flex flex-column w-100 h-100 hide-child-opacity" data-testid="product-tile-13" aria-label="Product"><a link-identifier="445089340" class="absolute w-100 h-100 z-1 hide-sibling-opacity" target="" href="/ip/Stonefire-Original-Naan-Dippers-7-05-oz-20-Count/445089340?athcpid=445089340&amp;athpgid=AthenaContentPage_4740967&amp;athcgid=null&amp;athznid=ItemCarousel_8be9204f-7390-42fd-b2c1-ee10ccdca1fe_items&amp;athieid=v0&amp;athstid=CS020&amp;athguid=s-SwGJlwQKwJx4-cn3aD3PFfAgOp1Vtd9RFT&amp;athancid=null&amp;athena=true&amp;athbdg=L1600"><span class="w_iUH7"><h3>Stonefire Original Naan Dippers, 7.05 oz, 20 Count</h3></span></a><div class="h2 relative mv2"><span class="w_VbBP w_mFV6 w_awtt w_3oNC w_3H8O tag-leading-badge absolute">Best seller</span></div><div class="relative"><div class="relative overflow-hidden" style="max-width:226px;height:0;padding-bottom:min(226px, 100%);align-self:center;width:min(226px, 100%)"><img loading="lazy" srcset="https://i5.walmartimages.com/asr/4f0b9053-83bc-44d6-814f-b7cb90aa6b18.204739e257c44c5e1f6e996cd9d2bd9f.jpeg?odnHeight=226&amp;odnWidth=226&amp;odnBg=FFFFFF 1x, https://i5.walmartimages.com/asr/4f0b9053-83bc-44d6-814f-b7cb90aa6b18.204739e257c44c5e1f6e996cd9d2bd9f.jpeg?odnHeight=576&amp;odnWidth=576&amp;odnBg=FFFFFF 2x" src="https://i5.walmartimages.com/asr/4f0b9053-83bc-44d6-814f-b7cb90aa6b18.204739e257c44c5e1f6e996cd9d2bd9f.jpeg?odnHeight=576&amp;odnWidth=576&amp;odnBg=FFFFFF" width="" height="" class="absolute top-0 left-0" data-testid="productTileImage" alt="Stonefire Original Naan Dippers, 7.05 oz, 20 Count"/></div><div class="z-2 absolute bottom--1"><div class="relative dib" data-id="445089340"><button class="w_hhLG w_8nsR w_jDfj pointer bn sans-serif b ph2 flex items-center justify-center w-auto shadow-1" type="button" data-pcss-hide="true" data-automation-id="add-to-cart" aria-label="Add to cart - Stonefire Original Naan Dippers, 7.05 oz, 20 Count"><i class="ld ld-Plus" style="font-size:1.5rem;vertical-align:-0.25em;width:1.5rem;height:1.5rem;box-sizing:content-box" title="add to cart"></i><span class="mr2">Add</span></button></div></div></div><div class="mt5 mb0" style="height:24px" data-testid="variant-445089340"></div><div data-automation-id="product-price" class="flex flex-wrap justify-start items-center lh-title mb1-m"><div class="mr1 mr2-xl b black lh-copy f5 f4-l" aria-hidden="true">$3.90</div><span class="w_iUH7">current price $3.90</span><div class="gray mr1 f7 f6-l">55.3 ¢/oz</div></div><span class=""><span class="w_V_DM" style="-webkit-line-clamp:3;padding-bottom:0em;margin-bottom:-0em"><span data-automation-id="product-title" class="normal dark-gray mb0 mt1 lh-title f6 f5-l">Stonefire Original Naan Dippers, 7.05 oz, 20 Count</span></span></span><div class="flex items-center mt2"><span class="black inline-flex mr1" data-testid="product-ratings" data-value="3.9"><i class="ld ld-StarFill" style="font-size:12px;vertical-align:-0.175em;width:12px;height:12px;box-sizing:content-box" aria-hidden="true"></i><i class="ld ld-StarFill" style="font-size:12px;vertical-align:-0.175em;width:12px;height:12px;box-sizing:content-box" aria-hidden="true"></i><i class="ld ld-StarFill" style="font-size:12px;vertical-align:-0.175em;width:12px;height:12px;box-sizing:content-box" aria-hidden="true"></i><i class="ld ld-StarFill" style="font-size:12px;vertical-align:-0.175em;width:12px;height:12px;box-sizing:content-box" aria-hidden="true"></i><i class="ld ld-Star" style="font-size:12px;vertical-align:-0.175em;width:12px;height:12px;box-sizing:content-box" aria-hidden="true"></i></span><span class="sans-serif gray f7" aria-hidden="true" data-testid="product-reviews" data-value="105">105</span><span class="w_iUH7">3.9 out of 5 Stars. 105 reviews</span></div><div></div><div class="mb2 mt2"><span class="w_iUH7">Available for Pickup or Delivery</span><span class="w_VbBP w_mFV6 w_I_19 w_3oNC w_AAn7 mr1 mt1 ph1" aria-hidden="true">Pickup</span><span class="w_VbBP w_mFV6 w_I_19 w_3oNC w_AAn7 mr1 mt1 ph1" aria-hidden="true">Delivery</span></div></div></li><li class="flex flex-column items-center pa1 pr2 pb2" data-slide="14"><div role="group" data-item-id="13399614" class="sans-serif mid-gray relative flex flex-column w-100 h-100 hide-child-opacity" data-testid="product-tile-14" aria-label="Product"><a link-identifier="13399614" class="absolute w-100 h-100 z-1 hide-sibling-opacity" target="" href="/ip/Marketside-Fresh-Sugar-Snap-Peas-8-oz/13399614?athcpid=13399614&amp;athpgid=AthenaContentPage_4740967&amp;athcgid=null&amp;athznid=ItemCarousel_8be9204f-7390-42fd-b2c1-ee10ccdca1fe_items&amp;athieid=v0&amp;athstid=CS020&amp;athguid=s-SwGJlwQKwJx4-cn3aD3PFfAgOp1Vtd9RFT&amp;athancid=null&amp;athena=true&amp;athbdg=L1300"><span class="w_iUH7"><h3>Marketside Fresh Sugar Snap Peas, 8 oz</h3></span></a><div class="h2 relative mv2"><span class="w_VbBP w_WKt3 w_awtt tag-leading-badge absolute" style="color:#9b1419;box-shadow:inset 0 0 0 1px #9b1419">Rollback</span></div><div class="relative"><div class="relative overflow-hidden" style="max-width:226px;height:0;padding-bottom:min(226px, 100%);align-self:center;width:min(226px, 100%)"><img loading="lazy" srcset="https://i5.walmartimages.com/asr/40fe555b-75e2-4c89-85a6-59c76b4fa719.6e1d26fd123610cb3cee9d1e4bb9e723.jpeg?odnHeight=226&amp;odnWidth=226&amp;odnBg=FFFFFF 1x, https://i5.walmartimages.com/asr/40fe555b-75e2-4c89-85a6-59c76b4fa719.6e1d26fd123610cb3cee9d1e4bb9e723.jpeg?odnHeight=576&amp;odnWidth=576&amp;odnBg=FFFFFF 2x" src="https://i5.walmartimages.com/asr/40fe555b-75e2-4c89-85a6-59c76b4fa719.6e1d26fd123610cb3cee9d1e4bb9e723.jpeg?odnHeight=576&amp;odnWidth=576&amp;odnBg=FFFFFF" width="" height="" class="absolute top-0 left-0" data-testid="productTileImage" alt="Marketside Fresh Sugar Snap Peas, 8 oz"/></div><div class="z-2 absolute bottom--1"><div class="relative dib" data-id="13399614"><button class="w_hhLG w_8nsR w_jDfj pointer bn sans-serif b ph2 flex items-center justify-center w-auto shadow-1" type="button" data-pcss-hide="true" data-automation-id="add-to-cart" aria-label="Add to cart - Marketside Fresh Sugar Snap Peas, 8 oz"><i class="ld ld-Plus" style="font-size:1.5rem;vertical-align:-0.25em;width:1.5rem;height:1.5rem;box-sizing:content-box" title="add to cart"></i><span class="mr2">Add</span></button></div></div></div><div class="mt5 mb0" style="height:24px" data-testid="variant-13399614"></div><div data-automation-id="product-price" class="flex flex-wrap justify-start items-center lh-title mb1-m"><div class="mr1 mr2-xl b black green lh-copy f5 f4-l" aria-hidden="true">Now $2.57</div><span class="w_iUH7">current price Now $2.57</span><div class="gray mr1 strike f7 f6-l" aria-hidden="true">$2.88</div><span class="w_iUH7">Was $2.88</span><div class="gray mr1 f7 f6-l">32.1 ¢/oz</div></div><span class=""><span class="w_V_DM" style="-webkit-line-clamp:3;padding-bottom:0em;margin-bottom:-0em"><span data-automation-id="product-title" class="normal dark-gray mb0 mt1 lh-title f6 f5-l">Marketside Fresh Sugar Snap Peas, 8 oz</span></span></span><div class="flex items-center mt2"><span class="black inline-flex mr1" data-testid="product-ratings" data-value="2.1"><i class="ld ld-StarFill" style="font-size:12px;vertical-align:-0.175em;width:12px;height:12px;box-sizing:content-box" aria-hidden="true"></i><i class="ld ld-StarFill" style="font-size:12px;vertical-align:-0.175em;width:12px;height:12px;box-sizing:content-box" aria-hidden="true"></i><i class="ld ld-Star" style="font-size:12px;vertical-align:-0.175em;width:12px;height:12px;box-sizing:content-box" aria-hidden="true"></i><i class="ld ld-Star" style="font-size:12px;vertical-align:-0.175em;width:12px;height:12px;box-sizing:content-box" aria-hidden="true"></i><i class="ld ld-Star" style="font-size:12px;vertical-align:-0.175em;width:12px;height:12px;box-sizing:content-box" aria-hidden="true"></i></span><span class="sans-serif gray f7" aria-hidden="true" data-testid="product-reviews" data-value="260">260</span><span class="w_iUH7">2.1 out of 5 Stars. 260 reviews</span></div><div></div><div class="mb2 mt2"><span class="w_iUH7">Available for Pickup or Delivery</span><span class="w_VbBP w_mFV6 w_I_19 w_3oNC w_AAn7 mr1 mt1 ph1" aria-hidden="true">Pickup</span><span class="w_VbBP w_mFV6 w_I_19 w_3oNC w_AAn7 mr1 mt1 ph1" aria-hidden="true">Delivery</span></div></div></li></ul><a link-identifier="horizontalScrollerNext" class="absolute dn z-5 bg-white br-100 pa0 pointer db-l br-100 nav-control right-1" aria-label="Next slide for Product Carousel list" data-testid="horizontal-scroller-next" role="button"><i class="ld ld-ChevronRight" style="font-size:1.5rem;vertical-align:-0.25em;padding:12px;width:1.5rem;height:1.5rem;box-sizing:content-box"></i></a></div></section></section></div> <div class="mv3 mv4-xl mh3 mb4-xl mb3 mr3-m mh0-l bb b--near-white" data-testid="HubSpokesNxM" id="HubSpokesNxM"><section><header class="flex justify-between items-baseline"><h2 class="w_kV33 w_Sl3f w_mvVb lh-title ma0">More charcuterie musts</h2></header><div class="w_KPWk w_GxNv" role="list" id="Hubspokes4orNxMGrid"><div class="w_aoqv w_wRee w_fdPt w_VTyJ tc mt3 content-between flex-grow-0" role="listitem" id="GridColumn-0"><a link-identifier="49036716-6007-4963-9ff9-f92290e2da00" class="no-underline sans-serif flex flex-column items-center" href="https://www.walmart.com/browse/food/charcuterie-meats/976759_976789_4740967_2354781?povid=976759_hubspoke_4740967_Morecharcuteriemusts_Specialtymeats_Rweb_Nov_2"><img loading="lazy" srcset="https://i5.walmartimages.com/dfw/4ff9c6c9-af33/k2-_eeb952fc-859d-4b1e-a684-8866dff5a9f6.v1.jpg?odnHeight=290&amp;odnWidth=290&amp;odnBg=FFFFFF 1x," src="https://i5.walmartimages.com/dfw/4ff9c6c9-af33/k2-_eeb952fc-859d-4b1e-a684-8866dff5a9f6.v1.jpg?odnHeight=290&amp;odnWidth=290&amp;odnBg=FFFFFF" alt="" class="w-100 h-auto" width="290" height="290" style="width:;height:;max-width:290px"/><div class="w-100 tc"><span class="ma0 mid-gray lh-copy f5-l w_V_DM" style="height:">Specialty meats</span></div></a></div><div class="w_aoqv w_wRee w_fdPt w_VTyJ tc mt3 content-between flex-grow-0" role="listitem" id="GridColumn-1"><a link-identifier="41d8a1e1-78cf-41ac-ad5c-64b55a13466b" class="no-underline sans-serif flex flex-column items-center" href="https://www.walmart.com/browse/food/charcuterie-cheese/976759_976789_4740967_4387607?povid=976759_hubspoke_4740967_Morecharcuteriemusts_Gourmetcheeses_Rweb_Nov_2"><img loading="lazy" srcset="https://i5.walmartimages.com/dfw/4ff9c6c9-5d3f/k2-_aac59113-c779-450a-989e-3026a099ce47.v1.jpg?odnHeight=290&amp;odnWidth=290&amp;odnBg=FFFFFF 1x," src="https://i5.walmartimages.com/dfw/4ff9c6c9-5d3f/k2-_aac59113-c779-450a-989e-3026a099ce47.v1.jpg?odnHeight=290&amp;odnWidth=290&amp;odnBg=FFFFFF" alt="" class="w-100 h-auto" width="290" height="290" style="width:;height:;max-width:290px"/><div class="w-100 tc"><span class="ma0 mid-gray lh-copy f5-l w_V_DM" style="height:">Gourmet cheeses</span></div></a></div><div class="w_aoqv w_wRee w_fdPt w_VTyJ tc mt3 content-between flex-grow-0" role="listitem" id="GridColumn-2"><a link-identifier="c7d40139-3548-4371-838e-7b64fe135151" class="no-underline sans-serif flex flex-column items-center" href="https://www.walmart.com/browse/food/fig-jam/976759_976794_7295171_4206490_3525900?povid=976759_hubspoke_4740967_Morecharcuteriemusts_JamsandJellies_Rweb_Nov_2"><img loading="lazy" srcset="https://i5.walmartimages.com/dfw/4ff9c6c9-a6eb/k2-_5f371756-b3d3-444e-9dde-a8120e56a356.v1.jpg?odnHeight=290&amp;odnWidth=290&amp;odnBg=FFFFFF 1x," src="https://i5.walmartimages.com/dfw/4ff9c6c9-a6eb/k2-_5f371756-b3d3-444e-9dde-a8120e56a356.v1.jpg?odnHeight=290&amp;odnWidth=290&amp;odnBg=FFFFFF" alt="" class="w-100 h-auto" width="290" height="290" style="width:;height:;max-width:290px"/><div class="w-100 tc"><span class="ma0 mid-gray lh-copy f5-l w_V_DM" style="height:">Jams &amp; Jellies</span></div></a></div><div class="w_aoqv w_wRee w_fdPt w_VTyJ tc mt3 content-between flex-grow-0" role="listitem" id="GridColumn-3"><a link-identifier="5b6b968b-aba6-40ec-9265-0857e8e0b7c4" class="no-underline sans-serif flex flex-column items-center" href="https://www.walmart.com/browse/food/nuts-trail-mix-seeds/976759_976787_1001406?povid=976759_hubspoke_4740967_Morecharcuteriemusts_Nutsanddriedfruit_Rweb_Nov_2"><img loading="lazy" srcset="https://i5.walmartimages.com/dfw/4ff9c6c9-5ee1/k2-_54e06d0a-10a4-4470-b0c9-163faeb2d73e.v1.jpg?odnHeight=290&amp;odnWidth=290&amp;odnBg=FFFFFF 1x," src="https://i5.walmartimages.com/dfw/4ff9c6c9-5ee1/k2-_54e06d0a-10a4-4470-b0c9-163faeb2d73e.v1.jpg?odnHeight=290&amp;odnWidth=290&amp;odnBg=FFFFFF" alt="" class="w-100 h-auto" width="290" height="290" style="width:;height:;max-width:290px"/><div class="w-100 tc"><span class="ma0 mid-gray lh-copy f5-l w_V_DM" style="height:">Nuts &amp; dried fruit</span></div></a></div><div class="w_aoqv w_wRee w_fdPt w_VTyJ tc mt3 content-between flex-grow-0" role="listitem" id="GridColumn-4"><a link-identifier="f80956f5-1ba4-457a-9ce9-5cd88675a0d1" class="no-underline sans-serif flex flex-column items-center" href="https://www.walmart.com/browse/food/party-trays/976759_976789_4740967_6993020_8475666?povid=976759_hubspoke_4740967_Morecharcuteriemusts_PartyTrays_Rweb_Nov_2"><img loading="lazy" srcset="https://i5.walmartimages.com/dfw/4ff9c6c9-8648/k2-_d901fac7-7433-47a3-a45a-69f3753092b4.v1.jpg?odnHeight=290&amp;odnWidth=290&amp;odnBg=FFFFFF 1x," src="https://i5.walmartimages.com/dfw/4ff9c6c9-8648/k2-_d901fac7-7433-47a3-a45a-69f3753092b4.v1.jpg?odnHeight=290&amp;odnWidth=290&amp;odnBg=FFFFFF" alt="" class="w-100 h-auto" width="290" height="290" style="width:;height:;max-width:290px"/><div class="w-100 tc"><span class="ma0 mid-gray lh-copy f5-l w_V_DM" style="height:">Party Trays</span></div></a></div><div class="w_aoqv w_wRee w_fdPt w_VTyJ tc mt3 content-between flex-grow-0" role="listitem" id="GridColumn-5"><a link-identifier="794c8caf-e475-4ef2-8c61-e372e2c05e8a" class="no-underline sans-serif flex flex-column items-center" href="https://www.walmart.com/browse/food/hummus/976759_976789_7056897_5863482?povid=976759_hubspoke_4740967_Morecharcuteriemusts_Hummus_Rweb_Nov_2"><img loading="lazy" srcset="https://i5.walmartimages.com/dfw/4ff9c6c9-1fb3/k2-_7f2fdf58-1eb1-4ece-811c-092ea621a6ee.v1.jpg?odnHeight=290&amp;odnWidth=290&amp;odnBg=FFFFFF 1x," src="https://i5.walmartimages.com/dfw/4ff9c6c9-1fb3/k2-_7f2fdf58-1eb1-4ece-811c-092ea621a6ee.v1.jpg?odnHeight=290&amp;odnWidth=290&amp;odnBg=FFFFFF" alt="" class="w-100 h-auto" width="290" height="290" style="width:;height:;max-width:290px"/><div class="w-100 tc"><span class="ma0 mid-gray lh-copy f5-l w_V_DM" style="height:">Hummus</span></div></a></div></div></section></div> <div class="mv3 mv4-xl ml3 ml0-l bb b--near-white"><section><section><header class="flex justify-between mb3 mb2-m pr3 pr4-m pr0-xl items-baseline"><section style="flex:1"><div><div><div class="inline-flex "><h2 class="f4 f3-m lh-title ma0 ">Add all to cart</h2></div></div></div></section></header><div class="flex flex-column justify-center relative" data-testid="horizontal-scroller-Product Carousel"><a link-identifier="horizontalScrollerPrevious" class="absolute dn z-5 bg-white br-100 pa0 pointer hidden-child br-100 nav-control left-1" aria-label="Previous slide for Product Carousel list" data-testid="horizontal-scroller-previous" role="button"><i class="ld ld-ChevronLeft" style="font-size:1.5rem;vertical-align:-0.25em;padding:12px;width:1.5rem;height:1.5rem;box-sizing:content-box"></i></a><ul style="display:grid;grid-auto-flow:column;scroll-snap-type:x mandatory;max-height:fit-content" class="list ma0 pl0 overflow-x-scroll hidesb hidesb-wk relative overflow-y-hidden carousel-peek-2 carousel-6-l carousel-3-m pr3-m" data-testid="carousel-container"><li class="flex flex-column items-center pa1 pr2 pb2" data-slide="0"><div role="group" data-item-id="649550932" class="sans-serif mid-gray relative flex flex-column w-100 h-100 hide-child-opacity" data-testid="product-tile-0" aria-label="Product"><a link-identifier="649550932" class="absolute w-100 h-100 z-1 hide-sibling-opacity" target="" href="/ip/Great-Value-Salt-Pepper-Shelled-Pistachios-11-oz/649550932?athcpid=649550932&amp;athpgid=AthenaContentPage_4740967&amp;athcgid=null&amp;athznid=ItemCarousel_e1eb24e3-1d7b-4883-80cd-ded2543ad610_items&amp;athieid=v0&amp;athstid=CS020&amp;athguid=s-SwGJlwQKwJx4-cn3aD3PFfAgOp1Vtd9RFT&amp;athancid=null&amp;athena=true"><span class="w_iUH7"><h3>Great Value Salt &amp; Pepper Shelled Pistachios, 11 oz</h3></span></a><div class="h2 relative mv2"></div><div class="relative"><div class="relative overflow-hidden" style="max-width:226px;height:0;padding-bottom:min(226px, 100%);align-self:center;width:min(226px, 100%)"><img loading="lazy" srcset="https://i5.walmartimages.com/asr/813e167b-0545-4335-ad6d-4e1723dc8d42.769d7ac597f3d8444ae4b2d467eb2780.jpeg?odnHeight=226&amp;odnWidth=226&amp;odnBg=FFFFFF 1x, https://i5.walmartimages.com/asr/813e167b-0545-4335-ad6d-4e1723dc8d42.769d7ac597f3d8444ae4b2d467eb2780.jpeg?odnHeight=576&amp;odnWidth=576&amp;odnBg=FFFFFF 2x" src="https://i5.walmartimages.com/asr/813e167b-0545-4335-ad6d-4e1723dc8d42.769d7ac597f3d8444ae4b2d467eb2780.jpeg?odnHeight=576&amp;odnWidth=576&amp;odnBg=FFFFFF" width="" height="" class="absolute top-0 left-0" data-testid="productTileImage" alt="Great Value Salt &amp; Pepper Shelled Pistachios, 11 oz"/></div><div class="z-2 absolute bottom--1"><div class="relative dib" data-id="649550932"><button class="w_hhLG w_8nsR w_jDfj pointer bn sans-serif b ph2 flex items-center justify-center w-auto shadow-1" type="button" data-pcss-hide="true" data-automation-id="add-to-cart" aria-label="Add to cart - Great Value Salt &amp; Pepper Shelled Pistachios, 11 oz"><i class="ld ld-Plus" style="font-size:1.5rem;vertical-align:-0.25em;width:1.5rem;height:1.5rem;box-sizing:content-box" title="add to cart"></i><span class="mr2">Add</span></button></div></div></div><div class="mt5 mb0" style="height:24px" data-testid="variant-649550932"></div><div data-automation-id="product-price" class="flex flex-wrap justify-start items-center lh-title mb1-m"><div class="mr1 mr2-xl b black lh-copy f5 f4-l" aria-hidden="true">$9.58</div><span class="w_iUH7">current price $9.58</span><div class="gray mr1 f7 f6-l">87.1 ¢/oz</div></div><span class=""><span class="w_V_DM" style="-webkit-line-clamp:3;padding-bottom:0em;margin-bottom:-0em"><span data-automation-id="product-title" class="normal dark-gray mb0 mt1 lh-title f6 f5-l">Great Value Salt &amp; Pepper Shelled Pistachios, 11 oz</span></span></span><div class="flex items-center mt2"><span class="black inline-flex mr1" data-testid="product-ratings" data-value="3.6"><i class="ld ld-StarFill" style="font-size:12px;vertical-align:-0.175em;width:12px;height:12px;box-sizing:content-box" aria-hidden="true"></i><i class="ld ld-StarFill" style="font-size:12px;vertical-align:-0.175em;width:12px;height:12px;box-sizing:content-box" aria-hidden="true"></i><i class="ld ld-StarFill" style="font-size:12px;vertical-align:-0.175em;width:12px;height:12px;box-sizing:content-box" aria-hidden="true"></i><i class="ld ld-StarHalf" style="font-size:12px;vertical-align:-0.175em;width:12px;height:12px;box-sizing:content-box" aria-hidden="true"></i><i class="ld ld-Star" style="font-size:12px;vertical-align:-0.175em;width:12px;height:12px;box-sizing:content-box" aria-hidden="true"></i></span><span class="sans-serif gray f7" aria-hidden="true" data-testid="product-reviews" data-value="8">8</span><span class="w_iUH7">3.6 out of 5 Stars. 8 reviews</span></div><div></div><div class="mb2 mt2"><span class="w_iUH7">Available for Pickup or Delivery</span><span class="w_VbBP w_mFV6 w_I_19 w_3oNC w_AAn7 mr1 mt1 ph1" aria-hidden="true">Pickup</span><span class="w_VbBP w_mFV6 w_I_19 w_3oNC w_AAn7 mr1 mt1 ph1" aria-hidden="true">Delivery</span></div></div></li><li class="flex flex-column items-center pa1 pr2 pb2" data-slide="1"><div role="group" data-item-id="13033150" class="sans-serif mid-gray relative flex flex-column w-100 h-100 hide-child-opacity" data-testid="product-tile-1" aria-label="Product"><a link-identifier="13033150" class="absolute w-100 h-100 z-1 hide-sibling-opacity" target="" href="/ip/Great-Value-Sweetened-Dried-Cranberries-6-oz/13033150?athcpid=13033150&amp;athpgid=AthenaContentPage_4740967&amp;athcgid=null&amp;athznid=ItemCarousel_e1eb24e3-1d7b-4883-80cd-ded2543ad610_items&amp;athieid=v0&amp;athstid=CS020&amp;athguid=s-SwGJlwQKwJx4-cn3aD3PFfAgOp1Vtd9RFT&amp;athancid=null&amp;athena=true"><span class="w_iUH7"><h3>Great Value Sweetened Dried Cranberries, 6 oz</h3></span></a><div class="h2 relative mv2"></div><div class="relative"><div class="relative overflow-hidden" style="max-width:226px;height:0;padding-bottom:min(226px, 100%);align-self:center;width:min(226px, 100%)"><img loading="lazy" srcset="https://i5.walmartimages.com/asr/476f5e66-2b1e-4fc6-9d50-224466ccff10.257edc41f26840d80c445e891317f82f.jpeg?odnHeight=226&amp;odnWidth=226&amp;odnBg=FFFFFF 1x, https://i5.walmartimages.com/asr/476f5e66-2b1e-4fc6-9d50-224466ccff10.257edc41f26840d80c445e891317f82f.jpeg?odnHeight=576&amp;odnWidth=576&amp;odnBg=FFFFFF 2x" src="https://i5.walmartimages.com/asr/476f5e66-2b1e-4fc6-9d50-224466ccff10.257edc41f26840d80c445e891317f82f.jpeg?odnHeight=576&amp;odnWidth=576&amp;odnBg=FFFFFF" width="" height="" class="absolute top-0 left-0" data-testid="productTileImage" alt="Great Value Sweetened Dried Cranberries, 6 oz"/></div><div class="z-2 absolute bottom--1"><div class="relative dib" data-id="13033150"><button class="w_hhLG w_8nsR w_jDfj pointer bn sans-serif b ph2 flex items-center justify-center w-auto shadow-1" type="button" data-pcss-hide="true" data-automation-id="add-to-cart" aria-label="Add to cart - Great Value Sweetened Dried Cranberries, 6 oz"><i class="ld ld-Plus" style="font-size:1.5rem;vertical-align:-0.25em;width:1.5rem;height:1.5rem;box-sizing:content-box" title="add to cart"></i><span class="mr2">Add</span></button></div></div></div><div class="mt5 mb0" style="height:24px" data-testid="variant-13033150"></div><div data-automation-id="product-price" class="flex flex-wrap justify-start items-center lh-title mb1-m"><div class="mr1 mr2-xl b black lh-copy f5 f4-l" aria-hidden="true">$1.96</div><span class="w_iUH7">current price $1.96</span><div class="gray mr1 f7 f6-l">32.7 ¢/oz</div></div><span class=""><span class="w_V_DM" style="-webkit-line-clamp:3;padding-bottom:0em;margin-bottom:-0em"><span data-automation-id="product-title" class="normal dark-gray mb0 mt1 lh-title f6 f5-l">Great Value Sweetened Dried Cranberries, 6 oz</span></span></span><div class="flex items-center mt2"><span class="black inline-flex mr1" data-testid="product-ratings" data-value="4.5"><i class="ld ld-StarFill" style="font-size:12px;vertical-align:-0.175em;width:12px;height:12px;box-sizing:content-box" aria-hidden="true"></i><i class="ld ld-StarFill" style="font-size:12px;vertical-align:-0.175em;width:12px;height:12px;box-sizing:content-box" aria-hidden="true"></i><i class="ld ld-StarFill" style="font-size:12px;vertical-align:-0.175em;width:12px;height:12px;box-sizing:content-box" aria-hidden="true"></i><i class="ld ld-StarFill" style="font-size:12px;vertical-align:-0.175em;width:12px;height:12px;box-sizing:content-box" aria-hidden="true"></i><i class="ld ld-StarHalf" style="font-size:12px;vertical-align:-0.175em;width:12px;height:12px;box-sizing:content-box" aria-hidden="true"></i></span><span class="sans-serif gray f7" aria-hidden="true" data-testid="product-reviews" data-value="138">138</span><span class="w_iUH7">4.5 out of 5 Stars. 138 reviews</span></div><div></div><div class="mb2 mt2"><span class="w_iUH7">Available for Pickup or Delivery</span><span class="w_VbBP w_mFV6 w_I_19 w_3oNC w_AAn7 mr1 mt1 ph1" aria-hidden="true">Pickup</span><span class="w_VbBP w_mFV6 w_I_19 w_3oNC w_AAn7 mr1 mt1 ph1" aria-hidden="true">Delivery</span></div></div></li><li class="flex flex-column items-center pa1 pr2 pb2" data-slide="2"><div role="group" data-item-id="433628197" class="sans-serif mid-gray relative flex flex-column w-100 h-100 hide-child-opacity" data-testid="product-tile-2" aria-label="Product"><a link-identifier="433628197" class="absolute w-100 h-100 z-1 hide-sibling-opacity" target="" href="/ip/Great-Value-Raw-Honey-16-oz-Inverted-Plastic-Bottle/433628197?athcpid=433628197&amp;athpgid=AthenaContentPage_4740967&amp;athcgid=null&amp;athznid=ItemCarousel_e1eb24e3-1d7b-4883-80cd-ded2543ad610_items&amp;athieid=v0&amp;athstid=CS020&amp;athguid=s-SwGJlwQKwJx4-cn3aD3PFfAgOp1Vtd9RFT&amp;athancid=null&amp;athena=true&amp;athbdg=L1600"><span class="w_iUH7"><h3>Great Value Raw Honey, 16 oz Inverted Plastic Bottle</h3></span></a><div class="h2 relative mv2"><span class="w_VbBP w_mFV6 w_awtt w_3oNC w_3H8O tag-leading-badge absolute">Best seller</span></div><div class="relative"><div class="relative overflow-hidden" style="max-width:226px;height:0;padding-bottom:min(226px, 100%);align-self:center;width:min(226px, 100%)"><img loading="lazy" srcset="https://i5.walmartimages.com/asr/94225e2c-1c91-42a1-8eca-3e980ea0bd5e.dd86070051e915442c3680af6e64b95a.jpeg?odnHeight=226&amp;odnWidth=226&amp;odnBg=FFFFFF 1x, https://i5.walmartimages.com/asr/94225e2c-1c91-42a1-8eca-3e980ea0bd5e.dd86070051e915442c3680af6e64b95a.jpeg?odnHeight=576&amp;odnWidth=576&amp;odnBg=FFFFFF 2x" src="https://i5.walmartimages.com/asr/94225e2c-1c91-42a1-8eca-3e980ea0bd5e.dd86070051e915442c3680af6e64b95a.jpeg?odnHeight=576&amp;odnWidth=576&amp;odnBg=FFFFFF" width="" height="" class="absolute top-0 left-0" data-testid="productTileImage" alt="Great Value Raw Honey, 16 oz Inverted Plastic Bottle"/></div><div class="z-2 absolute bottom--1"><div class="relative dib" data-id="433628197"><button class="w_hhLG w_8nsR w_jDfj pointer bn sans-serif b ph2 flex items-center justify-center w-auto shadow-1" type="button" data-pcss-hide="true" data-automation-id="add-to-cart" aria-label="Add to cart - Great Value Raw Honey, 16 oz Inverted Plastic Bottle"><i class="ld ld-Plus" style="font-size:1.5rem;vertical-align:-0.25em;width:1.5rem;height:1.5rem;box-sizing:content-box" title="add to cart"></i><span class="mr2">Add</span></button></div></div></div><div class="mt5 mb0" style="height:24px" data-testid="variant-433628197"></div><div data-automation-id="product-price" class="flex flex-wrap justify-start items-center lh-title mb1-m"><div class="mr1 mr2-xl b black lh-copy f5 f4-l" aria-hidden="true">$6.34</div><span class="w_iUH7">current price $6.34</span><div class="gray mr1 f7 f6-l">39.6 ¢/oz</div></div><span class=""><span class="w_V_DM" style="-webkit-line-clamp:3;padding-bottom:0em;margin-bottom:-0em"><span data-automation-id="product-title" class="normal dark-gray mb0 mt1 lh-title f6 f5-l">Great Value Raw Honey, 16 oz Inverted Plastic Bottle</span></span></span><div class="flex items-center mt2"><span class="black inline-flex mr1" data-testid="product-ratings" data-value="3.3"><i class="ld ld-StarFill" style="font-size:12px;vertical-align:-0.175em;width:12px;height:12px;box-sizing:content-box" aria-hidden="true"></i><i class="ld ld-StarFill" style="font-size:12px;vertical-align:-0.175em;width:12px;height:12px;box-sizing:content-box" aria-hidden="true"></i><i class="ld ld-StarFill" style="font-size:12px;vertical-align:-0.175em;width:12px;height:12px;box-sizing:content-box" aria-hidden="true"></i><i class="ld ld-StarHalf" style="font-size:12px;vertical-align:-0.175em;width:12px;height:12px;box-sizing:content-box" aria-hidden="true"></i><i class="ld ld-Star" style="font-size:12px;vertical-align:-0.175em;width:12px;height:12px;box-sizing:content-box" aria-hidden="true"></i></span><span class="sans-serif gray f7" aria-hidden="true" data-testid="product-reviews" data-value="97">97</span><span class="w_iUH7">3.3 out of 5 Stars. 97 reviews</span></div><div></div><div class="mb2 mt2"><span class="w_iUH7">Available for Pickup or Delivery</span><span class="w_VbBP w_mFV6 w_I_19 w_3oNC w_AAn7 mr1 mt1 ph1" aria-hidden="true">Pickup</span><span class="w_VbBP w_mFV6 w_I_19 w_3oNC w_AAn7 mr1 mt1 ph1" aria-hidden="true">Delivery</span></div></div></li><li class="flex flex-column items-center pa1 pr2 pb2" data-slide="3"><div role="group" data-item-id="10452775" class="sans-serif mid-gray relative flex flex-column w-100 h-100 hide-child-opacity" data-testid="product-tile-3" aria-label="Product"><a link-identifier="10452775" class="absolute w-100 h-100 z-1 hide-sibling-opacity" target="" href="/ip/Great-Value-Pepper-Jack-Cheese-8-oz-Block-Plastic-Packaging/10452775?athcpid=10452775&amp;athpgid=AthenaContentPage_4740967&amp;athcgid=null&amp;athznid=ItemCarousel_e1eb24e3-1d7b-4883-80cd-ded2543ad610_items&amp;athieid=v0&amp;athstid=CS020&amp;athguid=s-SwGJlwQKwJx4-cn3aD3PFfAgOp1Vtd9RFT&amp;athancid=null&amp;athena=true&amp;athbdg=L1600"><span class="w_iUH7"><h3>Great Value Pepper Jack Cheese, 8 oz Block (Plastic Packaging)</h3></span></a><div class="h2 relative mv2"><span class="w_VbBP w_mFV6 w_awtt w_3oNC w_3H8O tag-leading-badge absolute">Best seller</span></div><div class="relative"><div class="relative overflow-hidden" style="max-width:226px;height:0;padding-bottom:min(226px, 100%);align-self:center;width:min(226px, 100%)"><img loading="lazy" srcset="https://i5.walmartimages.com/asr/8ff9b181-0b1c-4dbe-b752-8fb8b5f3db3e.6526669959ea1acfdaa96307e76e65fb.jpeg?odnHeight=226&amp;odnWidth=226&amp;odnBg=FFFFFF 1x, https://i5.walmartimages.com/asr/8ff9b181-0b1c-4dbe-b752-8fb8b5f3db3e.6526669959ea1acfdaa96307e76e65fb.jpeg?odnHeight=576&amp;odnWidth=576&amp;odnBg=FFFFFF 2x" src="https://i5.walmartimages.com/asr/8ff9b181-0b1c-4dbe-b752-8fb8b5f3db3e.6526669959ea1acfdaa96307e76e65fb.jpeg?odnHeight=576&amp;odnWidth=576&amp;odnBg=FFFFFF" width="" height="" class="absolute top-0 left-0" data-testid="productTileImage" alt="Great Value Pepper Jack Cheese, 8 oz Block (Plastic Packaging)"/></div><div class="z-2 absolute bottom--1"><div class="relative dib" data-id="10452775"><button class="w_hhLG w_8nsR w_jDfj pointer bn sans-serif b ph2 flex items-center justify-center w-auto shadow-1" type="button" data-pcss-hide="true" data-automation-id="add-to-cart" aria-label="Add to cart - Great Value Pepper Jack Cheese, 8 oz Block (Plastic Packaging)"><i class="ld ld-Plus" style="font-size:1.5rem;vertical-align:-0.25em;width:1.5rem;height:1.5rem;box-sizing:content-box" title="add to cart"></i><span class="mr2">Add</span></button></div></div></div><div class="mt5 mb0" style="height:24px" data-testid="variant-10452775"></div><div data-automation-id="product-price" class="flex flex-wrap justify-start items-center lh-title mb1-m"><div class="mr1 mr2-xl b black lh-copy f5 f4-l" aria-hidden="true">$2.00</div><span class="w_iUH7">current price $2.00</span><div class="gray mr1 f7 f6-l">25.0 ¢/oz</div></div><span class=""><span class="w_V_DM" style="-webkit-line-clamp:3;padding-bottom:0em;margin-bottom:-0em"><span data-automation-id="product-title" class="normal dark-gray mb0 mt1 lh-title f6 f5-l">Great Value Pepper Jack Cheese, 8 oz Block (Plastic Packaging)</span></span></span><div class="flex items-center mt2"><span class="black inline-flex mr1" data-testid="product-ratings" data-value="3.5"><i class="ld ld-StarFill" style="font-size:12px;vertical-align:-0.175em;width:12px;height:12px;box-sizing:content-box" aria-hidden="true"></i><i class="ld ld-StarFill" style="font-size:12px;vertical-align:-0.175em;width:12px;height:12px;box-sizing:content-box" aria-hidden="true"></i><i class="ld ld-StarFill" style="font-size:12px;vertical-align:-0.175em;width:12px;height:12px;box-sizing:content-box" aria-hidden="true"></i><i class="ld ld-StarHalf" style="font-size:12px;vertical-align:-0.175em;width:12px;height:12px;box-sizing:content-box" aria-hidden="true"></i><i class="ld ld-Star" style="font-size:12px;vertical-align:-0.175em;width:12px;height:12px;box-sizing:content-box" aria-hidden="true"></i></span><span class="sans-serif gray f7" aria-hidden="true" data-testid="product-reviews" data-value="103">103</span><span class="w_iUH7">3.5 out of 5 Stars. 103 reviews</span></div><div></div><div class="mb2 mt2"><span class="w_iUH7">Available for Pickup or Delivery</span><span class="w_VbBP w_mFV6 w_I_19 w_3oNC w_AAn7 mr1 mt1 ph1" aria-hidden="true">Pickup</span><span class="w_VbBP w_mFV6 w_I_19 w_3oNC w_AAn7 mr1 mt1 ph1" aria-hidden="true">Delivery</span></div></div></li><li class="flex flex-column items-center pa1 pr2 pb2" data-slide="4"><div role="group" data-item-id="10452496" class="sans-serif mid-gray relative flex flex-column w-100 h-100 hide-child-opacity" data-testid="product-tile-4" aria-label="Product"><a link-identifier="10452496" class="absolute w-100 h-100 z-1 hide-sibling-opacity" target="" href="/ip/Great-Value-Mild-Cheddar-Cheese-32-oz/10452496?athcpid=10452496&amp;athpgid=AthenaContentPage_4740967&amp;athcgid=null&amp;athznid=ItemCarousel_e1eb24e3-1d7b-4883-80cd-ded2543ad610_items&amp;athieid=v0&amp;athstid=CS020&amp;athguid=s-SwGJlwQKwJx4-cn3aD3PFfAgOp1Vtd9RFT&amp;athancid=null&amp;athena=true"><span class="w_iUH7"><h3>Great Value Mild Cheddar Cheese, 32 oz</h3></span></a><div class="h2 relative mv2"></div><div class="relative"><div class="relative overflow-hidden" style="max-width:226px;height:0;padding-bottom:min(226px, 100%);align-self:center;width:min(226px, 100%)"><img loading="lazy" srcset="https://i5.walmartimages.com/asr/0ffaa405-27e8-4de1-964d-8ae25f52fa12.695c834e8503c19b0402865b3e6f197a.jpeg?odnHeight=226&amp;odnWidth=226&amp;odnBg=FFFFFF 1x, https://i5.walmartimages.com/asr/0ffaa405-27e8-4de1-964d-8ae25f52fa12.695c834e8503c19b0402865b3e6f197a.jpeg?odnHeight=576&amp;odnWidth=576&amp;odnBg=FFFFFF 2x" src="https://i5.walmartimages.com/asr/0ffaa405-27e8-4de1-964d-8ae25f52fa12.695c834e8503c19b0402865b3e6f197a.jpeg?odnHeight=576&amp;odnWidth=576&amp;odnBg=FFFFFF" width="" height="" class="absolute top-0 left-0" data-testid="productTileImage" alt="Great Value Mild Cheddar Cheese, 32 oz"/></div><div class="z-2 absolute bottom--1"><div class="relative dib" data-id="10452496"><button class="w_hhLG w_8nsR w_jDfj pointer bn sans-serif b ph2 flex items-center justify-center w-auto shadow-1" type="button" data-pcss-hide="true" data-automation-id="add-to-cart" aria-label="Add to cart - Great Value Mild Cheddar Cheese, 32 oz"><i class="ld ld-Plus" style="font-size:1.5rem;vertical-align:-0.25em;width:1.5rem;height:1.5rem;box-sizing:content-box" title="add to cart"></i><span class="mr2">Add</span></button></div></div></div><div class="mt5 mb0" style="height:24px" data-testid="variant-10452496"></div><div data-automation-id="product-price" class="flex flex-wrap justify-start items-center lh-title mb1-m"><div class="mr1 mr2-xl b black lh-copy f5 f4-l" aria-hidden="true">$7.32</div><span class="w_iUH7">current price $7.32</span><div class="gray mr1 f7 f6-l">22.9 ¢/oz</div></div><span class=""><span class="w_V_DM" style="-webkit-line-clamp:3;padding-bottom:0em;margin-bottom:-0em"><span data-automation-id="product-title" class="normal dark-gray mb0 mt1 lh-title f6 f5-l">Great Value Mild Cheddar Cheese, 32 oz</span></span></span><div class="flex items-center mt2"><span class="black inline-flex mr1" data-testid="product-ratings" data-value="3.2"><i class="ld ld-StarFill" style="font-size:12px;vertical-align:-0.175em;width:12px;height:12px;box-sizing:content-box" aria-hidden="true"></i><i class="ld ld-StarFill" style="font-size:12px;vertical-align:-0.175em;width:12px;height:12px;box-sizing:content-box" aria-hidden="true"></i><i class="ld ld-StarFill" style="font-size:12px;vertical-align:-0.175em;width:12px;height:12px;box-sizing:content-box" aria-hidden="true"></i><i class="ld ld-Star" style="font-size:12px;vertical-align:-0.175em;width:12px;height:12px;box-sizing:content-box" aria-hidden="true"></i><i class="ld ld-Star" style="font-size:12px;vertical-align:-0.175em;width:12px;height:12px;box-sizing:content-box" aria-hidden="true"></i></span><span class="sans-serif gray f7" aria-hidden="true" data-testid="product-reviews" data-value="53">53</span><span class="w_iUH7">3.2 out of 5 Stars. 53 reviews</span></div><div></div><div class="mb2 mt2"><span class="w_iUH7">Available for Pickup or Delivery</span><span class="w_VbBP w_mFV6 w_I_19 w_3oNC w_AAn7 mr1 mt1 ph1" aria-hidden="true">Pickup</span><span class="w_VbBP w_mFV6 w_I_19 w_3oNC w_AAn7 mr1 mt1 ph1" aria-hidden="true">Delivery</span></div></div></li><li class="flex flex-column items-center pa1 pr2 pb2" data-slide="5"><div role="group" data-item-id="814783251" class="sans-serif mid-gray relative flex flex-column w-100 h-100 hide-child-opacity" data-testid="product-tile-5" aria-label="Product"><a link-identifier="814783251" class="absolute w-100 h-100 z-1 hide-sibling-opacity" target="" href="/ip/Great-Value-Cracker-Cut-Sliced-4-Cheese-Tray-16-oz/814783251?athcpid=814783251&amp;athpgid=AthenaContentPage_4740967&amp;athcgid=null&amp;athznid=ItemCarousel_e1eb24e3-1d7b-4883-80cd-ded2543ad610_items&amp;athieid=v0&amp;athstid=CS020&amp;athguid=s-SwGJlwQKwJx4-cn3aD3PFfAgOp1Vtd9RFT&amp;athancid=null&amp;athena=true"><span class="w_iUH7"><h3>Great Value Cracker Cut Sliced 4 Cheese Tray, 16 oz</h3></span></a><div class="h2 relative mv2"></div><div class="relative"><div class="relative overflow-hidden" style="max-width:226px;height:0;padding-bottom:min(226px, 100%);align-self:center;width:min(226px, 100%)"><img loading="lazy" srcset="https://i5.walmartimages.com/asr/b23bdd6a-5482-4fa9-b590-661834d05d9d_1.ea3f8b6b22bd0228aa3a10088784fff7.jpeg?odnHeight=226&amp;odnWidth=226&amp;odnBg=FFFFFF 1x, https://i5.walmartimages.com/asr/b23bdd6a-5482-4fa9-b590-661834d05d9d_1.ea3f8b6b22bd0228aa3a10088784fff7.jpeg?odnHeight=576&amp;odnWidth=576&amp;odnBg=FFFFFF 2x" src="https://i5.walmartimages.com/asr/b23bdd6a-5482-4fa9-b590-661834d05d9d_1.ea3f8b6b22bd0228aa3a10088784fff7.jpeg?odnHeight=576&amp;odnWidth=576&amp;odnBg=FFFFFF" width="" height="" class="absolute top-0 left-0" data-testid="productTileImage" alt="Great Value Cracker Cut Sliced 4 Cheese Tray, 16 oz"/></div><div class="z-2 absolute bottom--1"><div class="relative dib" data-id="814783251"><button class="w_hhLG w_8nsR w_jDfj pointer bn sans-serif b ph2 flex items-center justify-center w-auto shadow-1" type="button" data-pcss-hide="true" data-automation-id="add-to-cart" aria-label="Add to cart - Great Value Cracker Cut Sliced 4 Cheese Tray, 16 oz"><i class="ld ld-Plus" style="font-size:1.5rem;vertical-align:-0.25em;width:1.5rem;height:1.5rem;box-sizing:content-box" title="add to cart"></i><span class="mr2">Add</span></button></div></div></div><div class="mt5 mb0" style="height:24px" data-testid="variant-814783251"></div><div data-automation-id="product-price" class="flex flex-wrap justify-start items-center lh-title mb1-m"><div class="mr1 mr2-xl b black lh-copy f5 f4-l" aria-hidden="true">$4.98</div><span class="w_iUH7">current price $4.98</span><div class="gray mr1 f7 f6-l">31.1 ¢/oz</div></div><span class=""><span class="w_V_DM" style="-webkit-line-clamp:3;padding-bottom:0em;margin-bottom:-0em"><span data-automation-id="product-title" class="normal dark-gray mb0 mt1 lh-title f6 f5-l">Great Value Cracker Cut Sliced 4 Cheese Tray, 16 oz</span></span></span><div class="flex items-center mt2"><span class="black inline-flex mr1" data-testid="product-ratings" data-value="3.6"><i class="ld ld-StarFill" style="font-size:12px;vertical-align:-0.175em;width:12px;height:12px;box-sizing:content-box" aria-hidden="true"></i><i class="ld ld-StarFill" style="font-size:12px;vertical-align:-0.175em;width:12px;height:12px;box-sizing:content-box" aria-hidden="true"></i><i class="ld ld-StarFill" style="font-size:12px;vertical-align:-0.175em;width:12px;height:12px;box-sizing:content-box" aria-hidden="true"></i><i class="ld ld-StarHalf" style="font-size:12px;vertical-align:-0.175em;width:12px;height:12px;box-sizing:content-box" aria-hidden="true"></i><i class="ld ld-Star" style="font-size:12px;vertical-align:-0.175em;width:12px;height:12px;box-sizing:content-box" aria-hidden="true"></i></span><span class="sans-serif gray f7" aria-hidden="true" data-testid="product-reviews" data-value="112">112</span><span class="w_iUH7">3.6 out of 5 Stars. 112 reviews</span></div><div></div><div class="mb2 mt2"><span class="w_iUH7">Available for Pickup or Delivery</span><span class="w_VbBP w_mFV6 w_I_19 w_3oNC w_AAn7 mr1 mt1 ph1" aria-hidden="true">Pickup</span><span class="w_VbBP w_mFV6 w_I_19 w_3oNC w_AAn7 mr1 mt1 ph1" aria-hidden="true">Delivery</span></div></div></li><li class="flex flex-column items-center pa1 pr2 pb2" data-slide="6"><div role="group" data-item-id="40495518" class="sans-serif mid-gray relative flex flex-column w-100 h-100 hide-child-opacity" data-testid="product-tile-6" aria-label="Product"><a link-identifier="40495518" class="absolute w-100 h-100 z-1 hide-sibling-opacity" target="" href="/ip/Great-Value-Original-Pepperoni-Slices-6-oz/40495518?athcpid=40495518&amp;athpgid=AthenaContentPage_4740967&amp;athcgid=null&amp;athznid=ItemCarousel_e1eb24e3-1d7b-4883-80cd-ded2543ad610_items&amp;athieid=v0&amp;athstid=CS020&amp;athguid=s-SwGJlwQKwJx4-cn3aD3PFfAgOp1Vtd9RFT&amp;athancid=null&amp;athena=true&amp;athbdg=L1600"><span class="w_iUH7"><h3>Great Value Original Pepperoni Slices, 6 oz</h3></span></a><div class="h2 relative mv2"><span class="w_VbBP w_mFV6 w_awtt w_3oNC w_3H8O tag-leading-badge absolute">Best seller</span></div><div class="relative"><div class="relative overflow-hidden" style="max-width:226px;height:0;padding-bottom:min(226px, 100%);align-self:center;width:min(226px, 100%)"><img loading="lazy" srcset="https://i5.walmartimages.com/asr/6bfb791e-84a7-48b8-bdf1-7d824c2831a8.b63b7ad403c501a06ac8fcf7db135cc2.jpeg?odnHeight=226&amp;odnWidth=226&amp;odnBg=FFFFFF 1x, https://i5.walmartimages.com/asr/6bfb791e-84a7-48b8-bdf1-7d824c2831a8.b63b7ad403c501a06ac8fcf7db135cc2.jpeg?odnHeight=576&amp;odnWidth=576&amp;odnBg=FFFFFF 2x" src="https://i5.walmartimages.com/asr/6bfb791e-84a7-48b8-bdf1-7d824c2831a8.b63b7ad403c501a06ac8fcf7db135cc2.jpeg?odnHeight=576&amp;odnWidth=576&amp;odnBg=FFFFFF" width="" height="" class="absolute top-0 left-0" data-testid="productTileImage" alt="Great Value Original Pepperoni Slices, 6 oz"/></div><div class="z-2 absolute bottom--1"><div class="relative dib" data-id="40495518"><button class="w_hhLG w_8nsR w_jDfj pointer bn sans-serif b ph2 flex items-center justify-center w-auto shadow-1" type="button" data-pcss-hide="true" data-automation-id="add-to-cart" aria-label="Add to cart - Great Value Original Pepperoni Slices, 6 oz"><i class="ld ld-Plus" style="font-size:1.5rem;vertical-align:-0.25em;width:1.5rem;height:1.5rem;box-sizing:content-box" title="add to cart"></i><span class="mr2">Add</span></button></div></div></div><div class="mt5 mb0" style="height:24px" data-testid="variant-40495518"></div><div data-automation-id="product-price" class="flex flex-wrap justify-start items-center lh-title mb1-m"><div class="mr1 mr2-xl b black lh-copy f5 f4-l" aria-hidden="true">$2.58</div><span class="w_iUH7">current price $2.58</span><div class="gray mr1 f7 f6-l">$6.79/lb</div></div><span class=""><span class="w_V_DM" style="-webkit-line-clamp:3;padding-bottom:0em;margin-bottom:-0em"><span data-automation-id="product-title" class="normal dark-gray mb0 mt1 lh-title f6 f5-l">Great Value Original Pepperoni Slices, 6 oz</span></span></span><div></div><div class="mb2 mt2"><span class="w_iUH7">Available for Pickup or Delivery</span><span class="w_VbBP w_mFV6 w_I_19 w_3oNC w_AAn7 mr1 mt1 ph1" aria-hidden="true">Pickup</span><span class="w_VbBP w_mFV6 w_I_19 w_3oNC w_AAn7 mr1 mt1 ph1" aria-hidden="true">Delivery</span></div></div></li><li class="flex flex-column items-center pa1 pr2 pb2" data-slide="7"><div role="group" data-item-id="482926313" class="sans-serif mid-gray relative flex flex-column w-100 h-100 hide-child-opacity" data-testid="product-tile-7" aria-label="Product"><a link-identifier="482926313" class="absolute w-100 h-100 z-1 hide-sibling-opacity" target="" href="/ip/Prima-Della-Hard-Salami-Pre-Sliced/482926313?athcpid=482926313&amp;athpgid=AthenaContentPage_4740967&amp;athcgid=null&amp;athznid=ItemCarousel_e1eb24e3-1d7b-4883-80cd-ded2543ad610_items&amp;athieid=v0&amp;athstid=CS020&amp;athguid=s-SwGJlwQKwJx4-cn3aD3PFfAgOp1Vtd9RFT&amp;athancid=null&amp;athena=true"><span class="w_iUH7"><h3>Prima Della Hard Salami, Pre-Sliced</h3></span></a><div class="h2 relative mv2"></div><div class="relative"><div class="relative overflow-hidden" style="max-width:226px;height:0;padding-bottom:min(226px, 100%);align-self:center;width:min(226px, 100%)"><img loading="lazy" srcset="https://i5.walmartimages.com/asr/1dd26e7d-e983-4e61-81a1-f73717e7e87f.6e120bab9d95e30a36868d91fa5be3e1.jpeg?odnHeight=226&amp;odnWidth=226&amp;odnBg=FFFFFF 1x, https://i5.walmartimages.com/asr/1dd26e7d-e983-4e61-81a1-f73717e7e87f.6e120bab9d95e30a36868d91fa5be3e1.jpeg?odnHeight=576&amp;odnWidth=576&amp;odnBg=FFFFFF 2x" src="https://i5.walmartimages.com/asr/1dd26e7d-e983-4e61-81a1-f73717e7e87f.6e120bab9d95e30a36868d91fa5be3e1.jpeg?odnHeight=576&amp;odnWidth=576&amp;odnBg=FFFFFF" width="" height="" class="absolute top-0 left-0" data-testid="productTileImage" alt="Prima Della Hard Salami, Pre-Sliced"/></div><div class="z-2 absolute bottom--1"><div class="relative dib" data-id="482926313"><button class="w_hhLG w_8nsR w_jDfj pointer bn sans-serif b ph2 flex items-center justify-center w-auto shadow-1" type="button" data-pcss-hide="true" data-automation-id="add-to-cart" aria-label="Add to cart - Prima Della Hard Salami, Pre-Sliced"><i class="ld ld-Plus" style="font-size:1.5rem;vertical-align:-0.25em;width:1.5rem;height:1.5rem;box-sizing:content-box" title="add to cart"></i><span class="mr2">Add</span></button></div></div></div><div class="mt5 mb0" style="height:24px" data-testid="variant-482926313"></div><div data-automation-id="product-price" class="flex flex-wrap justify-start items-center lh-title mb1-m"><div class="mr1 mr2-xl b black lh-copy f5 f4-l" aria-hidden="true">$4.39</div><span class="w_iUH7">current price $4.39</span><div class="gray f7 f6-l"><span class="mr3"> avg price<!-- --> </span></div><div class="gray mr1 f7 f6-l">54.8 ¢/lb</div></div><span class=""><span class="w_V_DM" style="-webkit-line-clamp:3;padding-bottom:0em;margin-bottom:-0em"><span data-automation-id="product-title" class="normal dark-gray mb0 mt1 lh-title f6 f5-l">Prima Della Hard Salami, Pre-Sliced</span></span></span><div></div><div class="mb2 mt2"><span class="w_iUH7">Available for Pickup or Delivery</span><span class="w_VbBP w_mFV6 w_I_19 w_3oNC w_AAn7 mr1 mt1 ph1" aria-hidden="true">Pickup</span><span class="w_VbBP w_mFV6 w_I_19 w_3oNC w_AAn7 mr1 mt1 ph1" aria-hidden="true">Delivery</span></div></div></li><li class="flex flex-column items-center pa1 pr2 pb2" data-slide="8"><div role="group" data-item-id="10315444" class="sans-serif mid-gray relative flex flex-column w-100 h-100 hide-child-opacity" data-testid="product-tile-8" aria-label="Product"><a link-identifier="10315444" class="absolute w-100 h-100 z-1 hide-sibling-opacity" target="" href="/ip/Great-Value-Large-Pitted-Black-Olives-6-oz/10315444?athcpid=10315444&amp;athpgid=AthenaContentPage_4740967&amp;athcgid=null&amp;athznid=ItemCarousel_e1eb24e3-1d7b-4883-80cd-ded2543ad610_items&amp;athieid=v0&amp;athstid=CS020&amp;athguid=s-SwGJlwQKwJx4-cn3aD3PFfAgOp1Vtd9RFT&amp;athancid=null&amp;athena=true&amp;athbdg=L1600"><span class="w_iUH7"><h3>Great Value Large Pitted Black Olives, 6 oz</h3></span></a><div class="h2 relative mv2"><span class="w_VbBP w_mFV6 w_awtt w_3oNC w_3H8O tag-leading-badge absolute">Best seller</span></div><div class="relative"><div class="relative overflow-hidden" style="max-width:226px;height:0;padding-bottom:min(226px, 100%);align-self:center;width:min(226px, 100%)"><img loading="lazy" srcset="https://i5.walmartimages.com/asr/9cfdd202-142f-41af-810f-be820c179b4c.87fc95d34b31d777060ba2a53fdf3855.jpeg?odnHeight=226&amp;odnWidth=226&amp;odnBg=FFFFFF 1x, https://i5.walmartimages.com/asr/9cfdd202-142f-41af-810f-be820c179b4c.87fc95d34b31d777060ba2a53fdf3855.jpeg?odnHeight=576&amp;odnWidth=576&amp;odnBg=FFFFFF 2x" src="https://i5.walmartimages.com/asr/9cfdd202-142f-41af-810f-be820c179b4c.87fc95d34b31d777060ba2a53fdf3855.jpeg?odnHeight=576&amp;odnWidth=576&amp;odnBg=FFFFFF" width="" height="" class="absolute top-0 left-0" data-testid="productTileImage" alt="Great Value Large Pitted Black Olives, 6 oz"/></div><div class="z-2 absolute bottom--1"><div class="relative dib" data-id="10315444"><button class="w_hhLG w_8nsR w_jDfj pointer bn sans-serif b ph2 flex items-center justify-center w-auto shadow-1" type="button" data-pcss-hide="true" data-automation-id="add-to-cart" aria-label="Add to cart - Great Value Large Pitted Black Olives, 6 oz"><i class="ld ld-Plus" style="font-size:1.5rem;vertical-align:-0.25em;width:1.5rem;height:1.5rem;box-sizing:content-box" title="add to cart"></i><span class="mr2">Add</span></button></div></div></div><div class="mt5 mb0" style="height:24px" data-testid="variant-10315444"></div><div data-automation-id="product-price" class="flex flex-wrap justify-start items-center lh-title mb1-m"><div class="mr1 mr2-xl b black lh-copy f5 f4-l" aria-hidden="true">$1.94</div><span class="w_iUH7">current price $1.94</span><div class="gray mr1 f7 f6-l">32.3 ¢/oz</div></div><span class=""><span class="w_V_DM" style="-webkit-line-clamp:3;padding-bottom:0em;margin-bottom:-0em"><span data-automation-id="product-title" class="normal dark-gray mb0 mt1 lh-title f6 f5-l">Great Value Large Pitted Black Olives, 6 oz</span></span></span><div class="flex items-center mt2"><span class="black inline-flex mr1" data-testid="product-ratings" data-value="3.7"><i class="ld ld-StarFill" style="font-size:12px;vertical-align:-0.175em;width:12px;height:12px;box-sizing:content-box" aria-hidden="true"></i><i class="ld ld-StarFill" style="font-size:12px;vertical-align:-0.175em;width:12px;height:12px;box-sizing:content-box" aria-hidden="true"></i><i class="ld ld-StarFill" style="font-size:12px;vertical-align:-0.175em;width:12px;height:12px;box-sizing:content-box" aria-hidden="true"></i><i class="ld ld-StarHalf" style="font-size:12px;vertical-align:-0.175em;width:12px;height:12px;box-sizing:content-box" aria-hidden="true"></i><i class="ld ld-Star" style="font-size:12px;vertical-align:-0.175em;width:12px;height:12px;box-sizing:content-box" aria-hidden="true"></i></span><span class="sans-serif gray f7" aria-hidden="true" data-testid="product-reviews" data-value="221">221</span><span class="w_iUH7">3.7 out of 5 Stars. 221 reviews</span></div><div></div><div class="mb2 mt2"><span class="w_iUH7">Available for Pickup or Delivery</span><span class="w_VbBP w_mFV6 w_I_19 w_3oNC w_AAn7 mr1 mt1 ph1" aria-hidden="true">Pickup</span><span class="w_VbBP w_mFV6 w_I_19 w_3oNC w_AAn7 mr1 mt1 ph1" aria-hidden="true">Delivery</span></div></div></li><li class="flex flex-column items-center pa1 pr2 pb2" data-slide="9"><div role="group" data-item-id="341961600" class="sans-serif mid-gray relative flex flex-column w-100 h-100 hide-child-opacity" data-testid="product-tile-9" aria-label="Product"><a link-identifier="341961600" class="absolute w-100 h-100 z-1 hide-sibling-opacity" target="" href="/ip/Freshness-Guaranteed-Dark-Chocolate-Almonds-12-5-oz/341961600?athcpid=341961600&amp;athpgid=AthenaContentPage_4740967&amp;athcgid=null&amp;athznid=ItemCarousel_e1eb24e3-1d7b-4883-80cd-ded2543ad610_items&amp;athieid=v0&amp;athstid=CS020&amp;athguid=s-SwGJlwQKwJx4-cn3aD3PFfAgOp1Vtd9RFT&amp;athancid=null&amp;athena=true&amp;athbdg=L1600"><span class="w_iUH7"><h3>Freshness Guaranteed Dark Chocolate Almonds, 12.5 oz</h3></span></a><div class="h2 relative mv2"><span class="w_VbBP w_mFV6 w_awtt w_3oNC w_3H8O tag-leading-badge absolute">Best seller</span></div><div class="relative"><div class="relative overflow-hidden" style="max-width:226px;height:0;padding-bottom:min(226px, 100%);align-self:center;width:min(226px, 100%)"><img loading="lazy" srcset="https://i5.walmartimages.com/asr/1573c306-cdf3-40cf-aa63-dda9f2e357de.c8455a34cc3eeb3cc81571594882a535.jpeg?odnHeight=226&amp;odnWidth=226&amp;odnBg=FFFFFF 1x, https://i5.walmartimages.com/asr/1573c306-cdf3-40cf-aa63-dda9f2e357de.c8455a34cc3eeb3cc81571594882a535.jpeg?odnHeight=576&amp;odnWidth=576&amp;odnBg=FFFFFF 2x" src="https://i5.walmartimages.com/asr/1573c306-cdf3-40cf-aa63-dda9f2e357de.c8455a34cc3eeb3cc81571594882a535.jpeg?odnHeight=576&amp;odnWidth=576&amp;odnBg=FFFFFF" width="" height="" class="absolute top-0 left-0" data-testid="productTileImage" alt="Freshness Guaranteed Dark Chocolate Almonds, 12.5 oz"/></div><div class="z-2 absolute bottom--1"><div class="relative dib" data-id="341961600"><button class="w_hhLG w_8nsR w_jDfj pointer bn sans-serif b ph2 flex items-center justify-center w-auto shadow-1" type="button" data-pcss-hide="true" data-automation-id="add-to-cart" aria-label="Add to cart - Freshness Guaranteed Dark Chocolate Almonds, 12.5 oz"><i class="ld ld-Plus" style="font-size:1.5rem;vertical-align:-0.25em;width:1.5rem;height:1.5rem;box-sizing:content-box" title="add to cart"></i><span class="mr2">Add</span></button></div></div></div><div class="mt5 mb0" style="height:24px" data-testid="variant-341961600"></div><div data-automation-id="product-price" class="flex flex-wrap justify-start items-center lh-title mb1-m"><div class="mr1 mr2-xl b black lh-copy f5 f4-l" aria-hidden="true">$5.98</div><span class="w_iUH7">current price $5.98</span><div class="gray mr1 f7 f6-l">47.8 ¢/oz</div></div><span class=""><span class="w_V_DM" style="-webkit-line-clamp:3;padding-bottom:0em;margin-bottom:-0em"><span data-automation-id="product-title" class="normal dark-gray mb0 mt1 lh-title f6 f5-l">Freshness Guaranteed Dark Chocolate Almonds, 12.5 oz</span></span></span><div class="flex items-center mt2"><span class="black inline-flex mr1" data-testid="product-ratings" data-value="3.8"><i class="ld ld-StarFill" style="font-size:12px;vertical-align:-0.175em;width:12px;height:12px;box-sizing:content-box" aria-hidden="true"></i><i class="ld ld-StarFill" style="font-size:12px;vertical-align:-0.175em;width:12px;height:12px;box-sizing:content-box" aria-hidden="true"></i><i class="ld ld-StarFill" style="font-size:12px;vertical-align:-0.175em;width:12px;height:12px;box-sizing:content-box" aria-hidden="true"></i><i class="ld ld-StarFill" style="font-size:12px;vertical-align:-0.175em;width:12px;height:12px;box-sizing:content-box" aria-hidden="true"></i><i class="ld ld-Star" style="font-size:12px;vertical-align:-0.175em;width:12px;height:12px;box-sizing:content-box" aria-hidden="true"></i></span><span class="sans-serif gray f7" aria-hidden="true" data-testid="product-reviews" data-value="79">79</span><span class="w_iUH7">3.8 out of 5 Stars. 79 reviews</span></div><div></div><div class="mb2 mt2"><span class="w_iUH7">Available for Pickup, Delivery or 1-day shipping</span><span class="w_VbBP w_mFV6 w_I_19 w_3oNC w_AAn7 mr1 mt1 ph1" aria-hidden="true">Pickup</span><span class="w_VbBP w_mFV6 w_I_19 w_3oNC w_AAn7 mr1 mt1 ph1" aria-hidden="true">Delivery</span><span class="w_VbBP w_mFV6 w_I_19 w_3oNC w_AAn7 mr1 mt1 ph1" aria-hidden="true">1-day shipping</span></div></div></li><li class="flex flex-column items-center pa1 pr2 pb2" data-slide="10"><div role="group" data-item-id="10315533" class="sans-serif mid-gray relative flex flex-column w-100 h-100 hide-child-opacity" data-testid="product-tile-10" aria-label="Product"><a link-identifier="10315533" class="absolute w-100 h-100 z-1 hide-sibling-opacity" target="" href="/ip/Great-Value-Cinnamon-Graham-Crackers-14-4-oz/10315533?athcpid=10315533&amp;athpgid=AthenaContentPage_4740967&amp;athcgid=null&amp;athznid=ItemCarousel_e1eb24e3-1d7b-4883-80cd-ded2543ad610_items&amp;athieid=v0&amp;athstid=CS020&amp;athguid=s-SwGJlwQKwJx4-cn3aD3PFfAgOp1Vtd9RFT&amp;athancid=null&amp;athena=true&amp;athbdg=L1600"><span class="w_iUH7"><h3>Great Value Cinnamon Graham Crackers, 14.4 oz</h3></span></a><div class="h2 relative mv2"><span class="w_VbBP w_mFV6 w_awtt w_3oNC w_3H8O tag-leading-badge absolute">Best seller</span></div><div class="relative"><div class="relative overflow-hidden" style="max-width:226px;height:0;padding-bottom:min(226px, 100%);align-self:center;width:min(226px, 100%)"><img loading="lazy" srcset="https://i5.walmartimages.com/seo/Great-Value-Cinnamon-Graham-Crackers-14-4-oz_5351e62a-0a22-41ac-97ca-0f3dd64b6ae5.33a485489754f0b079722fabbdc6794d.jpeg?odnHeight=226&amp;odnWidth=226&amp;odnBg=FFFFFF 1x, https://i5.walmartimages.com/seo/Great-Value-Cinnamon-Graham-Crackers-14-4-oz_5351e62a-0a22-41ac-97ca-0f3dd64b6ae5.33a485489754f0b079722fabbdc6794d.jpeg?odnHeight=576&amp;odnWidth=576&amp;odnBg=FFFFFF 2x" src="https://i5.walmartimages.com/seo/Great-Value-Cinnamon-Graham-Crackers-14-4-oz_5351e62a-0a22-41ac-97ca-0f3dd64b6ae5.33a485489754f0b079722fabbdc6794d.jpeg?odnHeight=576&amp;odnWidth=576&amp;odnBg=FFFFFF" width="" height="" class="absolute top-0 left-0" data-testid="productTileImage" alt="Great Value Cinnamon Graham Crackers, 14.4 oz"/></div><div class="z-2 absolute bottom--1"><div class="relative dib" data-id="10315533"><button class="w_hhLG w_8nsR w_jDfj pointer bn sans-serif b ph2 flex items-center justify-center w-auto shadow-1" type="button" data-pcss-hide="true" data-automation-id="add-to-cart" aria-label="Add to cart - Great Value Cinnamon Graham Crackers, 14.4 oz"><i class="ld ld-Plus" style="font-size:1.5rem;vertical-align:-0.25em;width:1.5rem;height:1.5rem;box-sizing:content-box" title="add to cart"></i><span class="mr2">Add</span></button></div></div></div><div class="mt5 mb0" style="height:24px" data-testid="variant-10315533"><div class="f7 lh-solid tc h1 v-mid"><div aria-hidden="true" aria-labelledby="variants-10315533">+2 options</div><span class="w_iUH7" id="variants-10315533">Available in additional 2 options</span></div></div><div data-automation-id="product-price" class="flex flex-wrap justify-start items-center lh-title mb1-m"><div class="mr1 mr2-xl b black lh-copy f5 f4-l" aria-hidden="true">$2.22</div><span class="w_iUH7">current price $2.22</span><div class="gray mr1 f7 f6-l">15.4 ¢/oz</div></div><span class=""><span class="w_V_DM" style="-webkit-line-clamp:3;padding-bottom:0em;margin-bottom:-0em"><span data-automation-id="product-title" class="normal dark-gray mb0 mt1 lh-title f6 f5-l">Great Value Cinnamon Graham Crackers, 14.4 oz</span></span></span><div class="flex items-center mt2"><span class="black inline-flex mr1" data-testid="product-ratings" data-value="4.1"><i class="ld ld-StarFill" style="font-size:12px;vertical-align:-0.175em;width:12px;height:12px;box-sizing:content-box" aria-hidden="true"></i><i class="ld ld-StarFill" style="font-size:12px;vertical-align:-0.175em;width:12px;height:12px;box-sizing:content-box" aria-hidden="true"></i><i class="ld ld-StarFill" style="font-size:12px;vertical-align:-0.175em;width:12px;height:12px;box-sizing:content-box" aria-hidden="true"></i><i class="ld ld-StarFill" style="font-size:12px;vertical-align:-0.175em;width:12px;height:12px;box-sizing:content-box" aria-hidden="true"></i><i class="ld ld-Star" style="font-size:12px;vertical-align:-0.175em;width:12px;height:12px;box-sizing:content-box" aria-hidden="true"></i></span><span class="sans-serif gray f7" aria-hidden="true" data-testid="product-reviews" data-value="547">547</span><span class="w_iUH7">4.1 out of 5 Stars. 547 reviews</span></div><div></div><div class="mb2 mt2"><span class="w_iUH7">Available for Pickup or Delivery</span><span class="w_VbBP w_mFV6 w_I_19 w_3oNC w_AAn7 mr1 mt1 ph1" aria-hidden="true">Pickup</span><span class="w_VbBP w_mFV6 w_I_19 w_3oNC w_AAn7 mr1 mt1 ph1" aria-hidden="true">Delivery</span></div></div></li><li class="flex flex-column items-center pa1 pr2 pb2" data-slide="11"><div role="group" data-item-id="52196662" class="sans-serif mid-gray relative flex flex-column w-100 h-100 hide-child-opacity" data-testid="product-tile-11" aria-label="Product"><a link-identifier="52196662" class="absolute w-100 h-100 z-1 hide-sibling-opacity" target="" href="/ip/Marketside-French-Baguette-Bread-Bake-at-Home-10oz-Bag/52196662?athcpid=52196662&amp;athpgid=AthenaContentPage_4740967&amp;athcgid=null&amp;athznid=ItemCarousel_e1eb24e3-1d7b-4883-80cd-ded2543ad610_items&amp;athieid=v0&amp;athstid=CS020&amp;athguid=s-SwGJlwQKwJx4-cn3aD3PFfAgOp1Vtd9RFT&amp;athancid=null&amp;athena=true&amp;athbdg=L1600"><span class="w_iUH7"><h3>Marketside French Baguette Bread, Bake at Home, 10oz, Bag</h3></span></a><div class="h2 relative mv2"><span class="w_VbBP w_mFV6 w_awtt w_3oNC w_3H8O tag-leading-badge absolute">Best seller</span></div><div class="relative"><div class="relative overflow-hidden" style="max-width:226px;height:0;padding-bottom:min(226px, 100%);align-self:center;width:min(226px, 100%)"><img loading="lazy" srcset="https://i5.walmartimages.com/asr/5f59480c-afa2-49e3-b435-de20f8f442f3.96ba6515cbf48ca81a51d12b2febb01b.jpeg?odnHeight=226&amp;odnWidth=226&amp;odnBg=FFFFFF 1x, https://i5.walmartimages.com/asr/5f59480c-afa2-49e3-b435-de20f8f442f3.96ba6515cbf48ca81a51d12b2febb01b.jpeg?odnHeight=576&amp;odnWidth=576&amp;odnBg=FFFFFF 2x" src="https://i5.walmartimages.com/asr/5f59480c-afa2-49e3-b435-de20f8f442f3.96ba6515cbf48ca81a51d12b2febb01b.jpeg?odnHeight=576&amp;odnWidth=576&amp;odnBg=FFFFFF" width="" height="" class="absolute top-0 left-0" data-testid="productTileImage" alt="Marketside French Baguette Bread, Bake at Home, 10oz, Bag"/></div><div class="z-2 absolute bottom--1"><div class="relative dib" data-id="52196662"><button class="w_hhLG w_8nsR w_jDfj pointer bn sans-serif b ph2 flex items-center justify-center w-auto shadow-1" type="button" data-pcss-hide="true" data-automation-id="add-to-cart" aria-label="Add to cart - Marketside French Baguette Bread, Bake at Home, 10oz, Bag"><i class="ld ld-Plus" style="font-size:1.5rem;vertical-align:-0.25em;width:1.5rem;height:1.5rem;box-sizing:content-box" title="add to cart"></i><span class="mr2">Add</span></button></div></div></div><div class="mt5 mb0" style="height:24px" data-testid="variant-52196662"></div><div data-automation-id="product-price" class="flex flex-wrap justify-start items-center lh-title mb1-m"><div class="mr1 mr2-xl b black lh-copy f5 f4-l" aria-hidden="true">$1.97</div><span class="w_iUH7">current price $1.97</span><div class="gray mr1 f7 f6-l">19.7 ¢/oz</div></div><span class=""><span class="w_V_DM" style="-webkit-line-clamp:3;padding-bottom:0em;margin-bottom:-0em"><span data-automation-id="product-title" class="normal dark-gray mb0 mt1 lh-title f6 f5-l">Marketside French Baguette Bread, Bake at Home, 10oz, Bag</span></span></span><div class="flex items-center mt2"><span class="black inline-flex mr1" data-testid="product-ratings" data-value="2.5"><i class="ld ld-StarFill" style="font-size:12px;vertical-align:-0.175em;width:12px;height:12px;box-sizing:content-box" aria-hidden="true"></i><i class="ld ld-StarFill" style="font-size:12px;vertical-align:-0.175em;width:12px;height:12px;box-sizing:content-box" aria-hidden="true"></i><i class="ld ld-StarHalf" style="font-size:12px;vertical-align:-0.175em;width:12px;height:12px;box-sizing:content-box" aria-hidden="true"></i><i class="ld ld-Star" style="font-size:12px;vertical-align:-0.175em;width:12px;height:12px;box-sizing:content-box" aria-hidden="true"></i><i class="ld ld-Star" style="font-size:12px;vertical-align:-0.175em;width:12px;height:12px;box-sizing:content-box" aria-hidden="true"></i></span><span class="sans-serif gray f7" aria-hidden="true" data-testid="product-reviews" data-value="263">263</span><span class="w_iUH7">2.5 out of 5 Stars. 263 reviews</span></div><div></div><div class="mb2 mt2"><span class="w_iUH7">Available for Pickup or Delivery</span><span class="w_VbBP w_mFV6 w_I_19 w_3oNC w_AAn7 mr1 mt1 ph1" aria-hidden="true">Pickup</span><span class="w_VbBP w_mFV6 w_I_19 w_3oNC w_AAn7 mr1 mt1 ph1" aria-hidden="true">Delivery</span></div></div></li><li class="flex flex-column items-center pa1 pr2 pb2" data-slide="12"><div role="group" data-item-id="3322570808" class="sans-serif mid-gray relative flex flex-column w-100 h-100 hide-child-opacity" data-testid="product-tile-12" aria-label="Product"><a link-identifier="3322570808" class="absolute w-100 h-100 z-1 hide-sibling-opacity" target="" href="/ip/Great-Value-Sliced-Hard-Salami-6oz-Ready-to-Eat/3322570808?athcpid=3322570808&amp;athpgid=AthenaContentPage_4740967&amp;athcgid=null&amp;athznid=ItemCarousel_e1eb24e3-1d7b-4883-80cd-ded2543ad610_items&amp;athieid=v0&amp;athstid=CS020&amp;athguid=s-SwGJlwQKwJx4-cn3aD3PFfAgOp1Vtd9RFT&amp;athancid=null&amp;athena=true"><span class="w_iUH7"><h3>Great Value Sliced Hard Salami 6oz Ready to Eat</h3></span></a><div class="h2 relative mv2"></div><div class="relative"><div class="relative overflow-hidden" style="max-width:226px;height:0;padding-bottom:min(226px, 100%);align-self:center;width:min(226px, 100%)"><img loading="lazy" srcset="https://i5.walmartimages.com/asr/eeef9e3b-d986-4cda-84c4-4ffd239249a6.80c2ff6f09be230d4b6722ee6d124501.jpeg?odnHeight=226&amp;odnWidth=226&amp;odnBg=FFFFFF 1x, https://i5.walmartimages.com/asr/eeef9e3b-d986-4cda-84c4-4ffd239249a6.80c2ff6f09be230d4b6722ee6d124501.jpeg?odnHeight=576&amp;odnWidth=576&amp;odnBg=FFFFFF 2x" src="https://i5.walmartimages.com/asr/eeef9e3b-d986-4cda-84c4-4ffd239249a6.80c2ff6f09be230d4b6722ee6d124501.jpeg?odnHeight=576&amp;odnWidth=576&amp;odnBg=FFFFFF" width="" height="" class="absolute top-0 left-0" data-testid="productTileImage" alt="Great Value Sliced Hard Salami 6oz Ready to Eat"/></div><div class="z-2 absolute bottom--1"><div class="relative dib" data-id="3322570808"><button class="w_hhLG w_8nsR w_jDfj pointer bn sans-serif b ph2 flex items-center justify-center w-auto shadow-1" type="button" data-pcss-hide="true" data-automation-id="add-to-cart" aria-label="Add to cart - Great Value Sliced Hard Salami 6oz Ready to Eat"><i class="ld ld-Plus" style="font-size:1.5rem;vertical-align:-0.25em;width:1.5rem;height:1.5rem;box-sizing:content-box" title="add to cart"></i><span class="mr2">Add</span></button></div></div></div><div class="mt5 mb0" style="height:24px" data-testid="variant-3322570808"></div><div data-automation-id="product-price" class="flex flex-wrap justify-start items-center lh-title mb1-m"><div class="mr1 mr2-xl b black lh-copy f5 f4-l" aria-hidden="true">$2.58</div><span class="w_iUH7">current price $2.58</span><div class="gray mr1 f7 f6-l">43.0 ¢/lb</div></div><span class=""><span class="w_V_DM" style="-webkit-line-clamp:3;padding-bottom:0em;margin-bottom:-0em"><span data-automation-id="product-title" class="normal dark-gray mb0 mt1 lh-title f6 f5-l">Great Value Sliced Hard Salami 6oz Ready to Eat</span></span></span><div></div><div class="mb2 mt2"><span class="w_iUH7">Available for Pickup or Delivery</span><span class="w_VbBP w_mFV6 w_I_19 w_3oNC w_AAn7 mr1 mt1 ph1" aria-hidden="true">Pickup</span><span class="w_VbBP w_mFV6 w_I_19 w_3oNC w_AAn7 mr1 mt1 ph1" aria-hidden="true">Delivery</span></div></div></li><li class="flex flex-column items-center pa1 pr2 pb2" data-slide="13"><div role="group" data-item-id="1954443138" class="sans-serif mid-gray relative flex flex-column w-100 h-100 hide-child-opacity" data-testid="product-tile-13" aria-label="Product"><a link-identifier="1954443138" class="absolute w-100 h-100 z-1 hide-sibling-opacity" target="" href="/ip/Marketside-Natural-Sliced-Roast-Beef-8-oz/1954443138?athcpid=1954443138&amp;athpgid=AthenaContentPage_4740967&amp;athcgid=null&amp;athznid=ItemCarousel_e1eb24e3-1d7b-4883-80cd-ded2543ad610_items&amp;athieid=v0&amp;athstid=CS020&amp;athguid=s-SwGJlwQKwJx4-cn3aD3PFfAgOp1Vtd9RFT&amp;athancid=null&amp;athena=true&amp;athbdg=L1600"><span class="w_iUH7"><h3>Marketside Natural Sliced Roast Beef, 8 oz</h3></span></a><div class="h2 relative mv2"><span class="w_VbBP w_mFV6 w_awtt w_3oNC w_3H8O tag-leading-badge absolute">Best seller</span></div><div class="relative"><div class="relative overflow-hidden" style="max-width:226px;height:0;padding-bottom:min(226px, 100%);align-self:center;width:min(226px, 100%)"><img loading="lazy" srcset="https://i5.walmartimages.com/asr/23c03631-e27f-4d77-a3db-c1d70e0305ca.f2ef10c8de14f3c59441ae5b44cc71b4.jpeg?odnHeight=226&amp;odnWidth=226&amp;odnBg=FFFFFF 1x, https://i5.walmartimages.com/asr/23c03631-e27f-4d77-a3db-c1d70e0305ca.f2ef10c8de14f3c59441ae5b44cc71b4.jpeg?odnHeight=576&amp;odnWidth=576&amp;odnBg=FFFFFF 2x" src="https://i5.walmartimages.com/asr/23c03631-e27f-4d77-a3db-c1d70e0305ca.f2ef10c8de14f3c59441ae5b44cc71b4.jpeg?odnHeight=576&amp;odnWidth=576&amp;odnBg=FFFFFF" width="" height="" class="absolute top-0 left-0" data-testid="productTileImage" alt="Marketside Natural Sliced Roast Beef, 8 oz"/></div><div class="z-2 absolute bottom--1"><div class="relative dib" data-id="1954443138"><button class="w_hhLG w_8nsR w_jDfj pointer bn sans-serif b ph2 flex items-center justify-center w-auto shadow-1" type="button" data-pcss-hide="true" data-automation-id="add-to-cart" aria-label="Add to cart - Marketside Natural Sliced Roast Beef, 8 oz"><i class="ld ld-Plus" style="font-size:1.5rem;vertical-align:-0.25em;width:1.5rem;height:1.5rem;box-sizing:content-box" title="add to cart"></i><span class="mr2">Add</span></button></div></div></div><div class="mt5 mb0" style="height:24px" data-testid="variant-1954443138"></div><div data-automation-id="product-price" class="flex flex-wrap justify-start items-center lh-title mb1-m"><div class="mr1 mr2-xl b black lh-copy f5 f4-l" aria-hidden="true">$5.44</div><span class="w_iUH7">current price $5.44</span><div class="gray mr1 f7 f6-l">68.0 ¢/lb</div></div><span class=""><span class="w_V_DM" style="-webkit-line-clamp:3;padding-bottom:0em;margin-bottom:-0em"><span data-automation-id="product-title" class="normal dark-gray mb0 mt1 lh-title f6 f5-l">Marketside Natural Sliced Roast Beef, 8 oz</span></span></span><div></div><div class="mb2 mt2"><span class="w_iUH7">Available for Pickup or Delivery</span><span class="w_VbBP w_mFV6 w_I_19 w_3oNC w_AAn7 mr1 mt1 ph1" aria-hidden="true">Pickup</span><span class="w_VbBP w_mFV6 w_I_19 w_3oNC w_AAn7 mr1 mt1 ph1" aria-hidden="true">Delivery</span></div></div></li><li class="flex flex-column items-center pa1 pr2 pb2" data-slide="14"><div role="group" data-item-id="2446198083" class="sans-serif mid-gray relative flex flex-column w-100 h-100 hide-child-opacity" data-testid="product-tile-14" aria-label="Product"><a link-identifier="2446198083" class="absolute w-100 h-100 z-1 hide-sibling-opacity" target="" href="/ip/Marketside-Natural-Sliced-Applewood-Smoked-Turkey-Breast-8-oz/2446198083?athcpid=2446198083&amp;athpgid=AthenaContentPage_4740967&amp;athcgid=null&amp;athznid=ItemCarousel_e1eb24e3-1d7b-4883-80cd-ded2543ad610_items&amp;athieid=v0&amp;athstid=CS020&amp;athguid=s-SwGJlwQKwJx4-cn3aD3PFfAgOp1Vtd9RFT&amp;athancid=null&amp;athena=true&amp;athbdg=L1600"><span class="w_iUH7"><h3>Marketside Natural Sliced Applewood Smoked Turkey Breast, 8 oz</h3></span></a><div class="h2 relative mv2"><span class="w_VbBP w_mFV6 w_awtt w_3oNC w_3H8O tag-leading-badge absolute">Best seller</span></div><div class="relative"><div class="relative overflow-hidden" style="max-width:226px;height:0;padding-bottom:min(226px, 100%);align-self:center;width:min(226px, 100%)"><img loading="lazy" srcset="https://i5.walmartimages.com/asr/1b9b7577-1262-4f41-a1fc-42b17b268422.ecf7b514025b26d89467dceba94af540.jpeg?odnHeight=226&amp;odnWidth=226&amp;odnBg=FFFFFF 1x, https://i5.walmartimages.com/asr/1b9b7577-1262-4f41-a1fc-42b17b268422.ecf7b514025b26d89467dceba94af540.jpeg?odnHeight=576&amp;odnWidth=576&amp;odnBg=FFFFFF 2x" src="https://i5.walmartimages.com/asr/1b9b7577-1262-4f41-a1fc-42b17b268422.ecf7b514025b26d89467dceba94af540.jpeg?odnHeight=576&amp;odnWidth=576&amp;odnBg=FFFFFF" width="" height="" class="absolute top-0 left-0" data-testid="productTileImage" alt="Marketside Natural Sliced Applewood Smoked Turkey Breast, 8 oz"/></div><div class="z-2 absolute bottom--1"><div class="relative dib" data-id="2446198083"><button class="w_hhLG w_8nsR w_jDfj pointer bn sans-serif b ph2 flex items-center justify-center w-auto shadow-1" type="button" data-pcss-hide="true" data-automation-id="add-to-cart" aria-label="Add to cart - Marketside Natural Sliced Applewood Smoked Turkey Breast, 8 oz"><i class="ld ld-Plus" style="font-size:1.5rem;vertical-align:-0.25em;width:1.5rem;height:1.5rem;box-sizing:content-box" title="add to cart"></i><span class="mr2">Add</span></button></div></div></div><div class="mt5 mb0" style="height:24px" data-testid="variant-2446198083"></div><div data-automation-id="product-price" class="flex flex-wrap justify-start items-center lh-title mb1-m"><div class="mr1 mr2-xl b black lh-copy f5 f4-l" aria-hidden="true">$4.68</div><span class="w_iUH7">current price $4.68</span><div class="gray mr1 f7 f6-l">58.5 ¢/oz</div></div><span class=""><span class="w_V_DM" style="-webkit-line-clamp:3;padding-bottom:0em;margin-bottom:-0em"><span data-automation-id="product-title" class="normal dark-gray mb0 mt1 lh-title f6 f5-l">Marketside Natural Sliced Applewood Smoked Turkey Breast, 8 oz</span></span></span><div></div><div class="mb2 mt2"><span class="w_iUH7">Available for Pickup or Delivery</span><span class="w_VbBP w_mFV6 w_I_19 w_3oNC w_AAn7 mr1 mt1 ph1" aria-hidden="true">Pickup</span><span class="w_VbBP w_mFV6 w_I_19 w_3oNC w_AAn7 mr1 mt1 ph1" aria-hidden="true">Delivery</span></div></div></li><li class="flex flex-column items-center pa1 pr2 pb2" data-slide="15"><div role="group" data-item-id="1277154052" class="sans-serif mid-gray relative flex flex-column w-100 h-100 hide-child-opacity" data-testid="product-tile-15" aria-label="Product"><a link-identifier="1277154052" class="absolute w-100 h-100 z-1 hide-sibling-opacity" target="" href="/ip/Marketside-Natural-Sliced-Honey-Ham-8-oz/1277154052?athcpid=1277154052&amp;athpgid=AthenaContentPage_4740967&amp;athcgid=null&amp;athznid=ItemCarousel_e1eb24e3-1d7b-4883-80cd-ded2543ad610_items&amp;athieid=v0&amp;athstid=CS020&amp;athguid=s-SwGJlwQKwJx4-cn3aD3PFfAgOp1Vtd9RFT&amp;athancid=null&amp;athena=true"><span class="w_iUH7"><h3>Marketside Natural Sliced Honey Ham, 8 oz</h3></span></a><div class="h2 relative mv2"></div><div class="relative"><div class="relative overflow-hidden" style="max-width:226px;height:0;padding-bottom:min(226px, 100%);align-self:center;width:min(226px, 100%)"><img loading="lazy" srcset="https://i5.walmartimages.com/asr/6a1ba943-db66-4e58-b216-fb7d04afb6a8.264581e660c1a66ff4b75658c458d586.jpeg?odnHeight=226&amp;odnWidth=226&amp;odnBg=FFFFFF 1x, https://i5.walmartimages.com/asr/6a1ba943-db66-4e58-b216-fb7d04afb6a8.264581e660c1a66ff4b75658c458d586.jpeg?odnHeight=576&amp;odnWidth=576&amp;odnBg=FFFFFF 2x" src="https://i5.walmartimages.com/asr/6a1ba943-db66-4e58-b216-fb7d04afb6a8.264581e660c1a66ff4b75658c458d586.jpeg?odnHeight=576&amp;odnWidth=576&amp;odnBg=FFFFFF" width="" height="" class="absolute top-0 left-0" data-testid="productTileImage" alt="Marketside Natural Sliced Honey Ham, 8 oz"/></div><div class="z-2 absolute bottom--1"><div class="relative dib" data-id="1277154052"><button class="w_hhLG w_8nsR w_jDfj pointer bn sans-serif b ph2 flex items-center justify-center w-auto shadow-1" type="button" data-pcss-hide="true" data-automation-id="add-to-cart" aria-label="Add to cart - Marketside Natural Sliced Honey Ham, 8 oz"><i class="ld ld-Plus" style="font-size:1.5rem;vertical-align:-0.25em;width:1.5rem;height:1.5rem;box-sizing:content-box" title="add to cart"></i><span class="mr2">Add</span></button></div></div></div><div class="mt5 mb0" style="height:24px" data-testid="variant-1277154052"></div><div data-automation-id="product-price" class="flex flex-wrap justify-start items-center lh-title mb1-m"><div class="mr1 mr2-xl b black lh-copy f5 f4-l" aria-hidden="true">$4.58</div><span class="w_iUH7">current price $4.58</span><div class="gray mr1 f7 f6-l">57.3 ¢/oz</div></div><span class=""><span class="w_V_DM" style="-webkit-line-clamp:3;padding-bottom:0em;margin-bottom:-0em"><span data-automation-id="product-title" class="normal dark-gray mb0 mt1 lh-title f6 f5-l">Marketside Natural Sliced Honey Ham, 8 oz</span></span></span><div></div><div class="mb2 mt2"><span class="w_iUH7">Available for Pickup or Delivery</span><span class="w_VbBP w_mFV6 w_I_19 w_3oNC w_AAn7 mr1 mt1 ph1" aria-hidden="true">Pickup</span><span class="w_VbBP w_mFV6 w_I_19 w_3oNC w_AAn7 mr1 mt1 ph1" aria-hidden="true">Delivery</span></div></div></li><li class="flex flex-column items-center pa1 pr2 pb2" data-slide="16"><div role="group" data-item-id="2236013814" class="sans-serif mid-gray relative flex flex-column w-100 h-100 hide-child-opacity" data-testid="product-tile-16" aria-label="Product"><a link-identifier="2236013814" class="absolute w-100 h-100 z-1 hide-sibling-opacity" target="" href="/ip/Marketside-Natural-Sliced-Oven-Roasted-Turkey-8-oz/2236013814?athcpid=2236013814&amp;athpgid=AthenaContentPage_4740967&amp;athcgid=null&amp;athznid=ItemCarousel_e1eb24e3-1d7b-4883-80cd-ded2543ad610_items&amp;athieid=v0&amp;athstid=CS020&amp;athguid=s-SwGJlwQKwJx4-cn3aD3PFfAgOp1Vtd9RFT&amp;athancid=null&amp;athena=true"><span class="w_iUH7"><h3>Marketside Natural Sliced Oven Roasted Turkey, 8 oz</h3></span></a><div class="h2 relative mv2"></div><div class="relative"><div class="relative overflow-hidden" style="max-width:226px;height:0;padding-bottom:min(226px, 100%);align-self:center;width:min(226px, 100%)"><img loading="lazy" srcset="https://i5.walmartimages.com/asr/3eceec86-6560-4f05-9cae-830f8923f128.1e2b4689d10861d42f3abfd27aa2ecec.jpeg?odnHeight=226&amp;odnWidth=226&amp;odnBg=FFFFFF 1x, https://i5.walmartimages.com/asr/3eceec86-6560-4f05-9cae-830f8923f128.1e2b4689d10861d42f3abfd27aa2ecec.jpeg?odnHeight=576&amp;odnWidth=576&amp;odnBg=FFFFFF 2x" src="https://i5.walmartimages.com/asr/3eceec86-6560-4f05-9cae-830f8923f128.1e2b4689d10861d42f3abfd27aa2ecec.jpeg?odnHeight=576&amp;odnWidth=576&amp;odnBg=FFFFFF" width="" height="" class="absolute top-0 left-0" data-testid="productTileImage" alt="Marketside Natural Sliced Oven Roasted Turkey, 8 oz"/></div><div class="z-2 absolute bottom--1"><div class="relative dib" data-id="2236013814"><button class="w_hhLG w_8nsR w_jDfj pointer bn sans-serif b ph2 flex items-center justify-center w-auto shadow-1" type="button" data-pcss-hide="true" data-automation-id="add-to-cart" aria-label="Add to cart - Marketside Natural Sliced Oven Roasted Turkey, 8 oz"><i class="ld ld-Plus" style="font-size:1.5rem;vertical-align:-0.25em;width:1.5rem;height:1.5rem;box-sizing:content-box" title="add to cart"></i><span class="mr2">Add</span></button></div></div></div><div class="mt5 mb0" style="height:24px" data-testid="variant-2236013814"></div><div data-automation-id="product-price" class="flex flex-wrap justify-start items-center lh-title mb1-m"><div class="mr1 mr2-xl b black lh-copy f5 f4-l" aria-hidden="true">$4.68</div><span class="w_iUH7">current price $4.68</span><div class="gray mr1 f7 f6-l">58.5 ¢/oz</div></div><span class=""><span class="w_V_DM" style="-webkit-line-clamp:3;padding-bottom:0em;margin-bottom:-0em"><span data-automation-id="product-title" class="normal dark-gray mb0 mt1 lh-title f6 f5-l">Marketside Natural Sliced Oven Roasted Turkey, 8 oz</span></span></span><div></div><div class="mb2 mt2"><span class="w_iUH7">Available for Pickup or Delivery</span><span class="w_VbBP w_mFV6 w_I_19 w_3oNC w_AAn7 mr1 mt1 ph1" aria-hidden="true">Pickup</span><span class="w_VbBP w_mFV6 w_I_19 w_3oNC w_AAn7 mr1 mt1 ph1" aria-hidden="true">Delivery</span></div></div></li><li class="flex flex-column items-center pa1 pr2 pb2" data-slide="17"><div role="group" data-item-id="10452510" class="sans-serif mid-gray relative flex flex-column w-100 h-100 hide-child-opacity" data-testid="product-tile-17" aria-label="Product"><a link-identifier="10452510" class="absolute w-100 h-100 z-1 hide-sibling-opacity" target="" href="/ip/Great-Value-Cubed-Colby-Monterey-Jack-Cheese-8-oz-Bag-Plastic-Packaging/10452510?athcpid=10452510&amp;athpgid=AthenaContentPage_4740967&amp;athcgid=null&amp;athznid=ItemCarousel_e1eb24e3-1d7b-4883-80cd-ded2543ad610_items&amp;athieid=v0&amp;athstid=CS020&amp;athguid=s-SwGJlwQKwJx4-cn3aD3PFfAgOp1Vtd9RFT&amp;athancid=null&amp;athena=true&amp;athbdg=L1600"><span class="w_iUH7"><h3>Great Value Cubed Colby &amp; Monterey Jack Cheese, 8 oz Bag (Plastic Packaging)</h3></span></a><div class="h2 relative mv2"><span class="w_VbBP w_mFV6 w_awtt w_3oNC w_3H8O tag-leading-badge absolute">Best seller</span></div><div class="relative"><div class="relative overflow-hidden" style="max-width:226px;height:0;padding-bottom:min(226px, 100%);align-self:center;width:min(226px, 100%)"><img loading="lazy" srcset="https://i5.walmartimages.com/asr/369e6943-529b-4e71-bfdc-e576d4f0b2fe.ace66b6a449b3cdf5cf11e79e8a72957.jpeg?odnHeight=226&amp;odnWidth=226&amp;odnBg=FFFFFF 1x, https://i5.walmartimages.com/asr/369e6943-529b-4e71-bfdc-e576d4f0b2fe.ace66b6a449b3cdf5cf11e79e8a72957.jpeg?odnHeight=576&amp;odnWidth=576&amp;odnBg=FFFFFF 2x" src="https://i5.walmartimages.com/asr/369e6943-529b-4e71-bfdc-e576d4f0b2fe.ace66b6a449b3cdf5cf11e79e8a72957.jpeg?odnHeight=576&amp;odnWidth=576&amp;odnBg=FFFFFF" width="" height="" class="absolute top-0 left-0" data-testid="productTileImage" alt="Great Value Cubed Colby &amp; Monterey Jack Cheese, 8 oz Bag (Plastic Packaging)"/></div><div class="z-2 absolute bottom--1"><div class="relative dib" data-id="10452510"><button class="w_hhLG w_8nsR w_jDfj pointer bn sans-serif b ph2 flex items-center justify-center w-auto shadow-1" type="button" data-pcss-hide="true" data-automation-id="add-to-cart" aria-label="Add to cart - Great Value Cubed Colby &amp; Monterey Jack Cheese, 8 oz Bag (Plastic Packaging)"><i class="ld ld-Plus" style="font-size:1.5rem;vertical-align:-0.25em;width:1.5rem;height:1.5rem;box-sizing:content-box" title="add to cart"></i><span class="mr2">Add</span></button></div></div></div><div class="mt5 mb0" style="height:24px" data-testid="variant-10452510"></div><div data-automation-id="product-price" class="flex flex-wrap justify-start items-center lh-title mb1-m"><div class="mr1 mr2-xl b black lh-copy f5 f4-l" aria-hidden="true">$2.37</div><span class="w_iUH7">current price $2.37</span><div class="gray mr1 f7 f6-l">29.6 ¢/oz</div></div><span class=""><span class="w_V_DM" style="-webkit-line-clamp:3;padding-bottom:0em;margin-bottom:-0em"><span data-automation-id="product-title" class="normal dark-gray mb0 mt1 lh-title f6 f5-l">Great Value Cubed Colby &amp; Monterey Jack Cheese, 8 oz Bag (Plastic Packaging)</span></span></span><div class="flex items-center mt2"><span class="black inline-flex mr1" data-testid="product-ratings" data-value="3.2"><i class="ld ld-StarFill" style="font-size:12px;vertical-align:-0.175em;width:12px;height:12px;box-sizing:content-box" aria-hidden="true"></i><i class="ld ld-StarFill" style="font-size:12px;vertical-align:-0.175em;width:12px;height:12px;box-sizing:content-box" aria-hidden="true"></i><i class="ld ld-StarFill" style="font-size:12px;vertical-align:-0.175em;width:12px;height:12px;box-sizing:content-box" aria-hidden="true"></i><i class="ld ld-Star" style="font-size:12px;vertical-align:-0.175em;width:12px;height:12px;box-sizing:content-box" aria-hidden="true"></i><i class="ld ld-Star" style="font-size:12px;vertical-align:-0.175em;width:12px;height:12px;box-sizing:content-box" aria-hidden="true"></i></span><span class="sans-serif gray f7" aria-hidden="true" data-testid="product-reviews" data-value="127">127</span><span class="w_iUH7">3.2 out of 5 Stars. 127 reviews</span></div><div></div><div class="mb2 mt2"><span class="w_iUH7">Available for Pickup or Delivery</span><span class="w_VbBP w_mFV6 w_I_19 w_3oNC w_AAn7 mr1 mt1 ph1" aria-hidden="true">Pickup</span><span class="w_VbBP w_mFV6 w_I_19 w_3oNC w_AAn7 mr1 mt1 ph1" aria-hidden="true">Delivery</span></div></div></li></ul><a link-identifier="horizontalScrollerNext" class="absolute dn z-5 bg-white br-100 pa0 pointer db-l br-100 nav-control right-1" aria-label="Next slide for Product Carousel list" data-testid="horizontal-scroller-next" role="button"><i class="ld ld-ChevronRight" style="font-size:1.5rem;vertical-align:-0.25em;padding:12px;width:1.5rem;height:1.5rem;box-sizing:content-box"></i></a></div></section></section></div> <!-- --> <div class="mv3 mv4-xl ml3 ml0-l bb b--near-white"><section><section><header class="flex justify-between mb3 mb2-m pr3 pr4-m pr0-xl items-baseline"><section style="flex:1"><div><div><div class="inline-flex "><h2 class="f4 f3-m lh-title ma0 ">Boards and essentials</h2></div></div></div></section></header><div class="flex flex-column justify-center relative" data-testid="horizontal-scroller-Product Carousel"><a link-identifier="horizontalScrollerPrevious" class="absolute dn z-5 bg-white br-100 pa0 pointer hidden-child br-100 nav-control left-1" aria-label="Previous slide for Product Carousel list" data-testid="horizontal-scroller-previous" role="button"><i class="ld ld-ChevronLeft" style="font-size:1.5rem;vertical-align:-0.25em;padding:12px;width:1.5rem;height:1.5rem;box-sizing:content-box"></i></a><ul style="display:grid;grid-auto-flow:column;scroll-snap-type:x mandatory;max-height:fit-content" class="list ma0 pl0 overflow-x-scroll hidesb hidesb-wk relative overflow-y-hidden carousel-peek-2 carousel-6-l carousel-3-m pr3-m" data-testid="carousel-container"><li class="flex flex-column items-center pa1 pr2 pb2" data-slide="0"><div role="group" data-item-id="999954410" class="sans-serif mid-gray relative flex flex-column w-100 h-100 hide-child-opacity" data-testid="product-tile-0" aria-label="Product"><a link-identifier="999954410" class="absolute w-100 h-100 z-1 hide-sibling-opacity" target="" href="/ip/Farberware-12-inch-x-16-inch-Bamboo-Cutting-Board-with-Trench-and-Metal-Handles/999954410?athcpid=999954410&amp;athpgid=AthenaContentPage_4740967&amp;athcgid=null&amp;athznid=ItemCarousel_0854e2b6-58d8-42ff-99e6-659a9ccb2afa_items&amp;athieid=v0&amp;athstid=CS020&amp;athguid=s-SwGJlwQKwJx4-cn3aD3PFfAgOp1Vtd9RFT&amp;athancid=null&amp;athena=true&amp;athbdg=L1600"><span class="w_iUH7"><h3>Farberware 12-inch x 16-inch Bamboo Cutting Board with Trench and Metal Handles</h3></span></a><div class="h2 relative mv2"><span class="w_VbBP w_mFV6 w_awtt w_3oNC w_3H8O tag-leading-badge absolute">Best seller</span></div><div class="relative"><div class="relative overflow-hidden" style="max-width:226px;height:0;padding-bottom:min(226px, 100%);align-self:center;width:min(226px, 100%)"><img loading="lazy" srcset="https://i5.walmartimages.com/asr/53dd7c1f-303f-49e7-a970-2dcc7cf5f88f.d73d346ee59ea26fc87b9229ea2ee348.jpeg?odnHeight=226&amp;odnWidth=226&amp;odnBg=FFFFFF 1x, https://i5.walmartimages.com/asr/53dd7c1f-303f-49e7-a970-2dcc7cf5f88f.d73d346ee59ea26fc87b9229ea2ee348.jpeg?odnHeight=576&amp;odnWidth=576&amp;odnBg=FFFFFF 2x" src="https://i5.walmartimages.com/asr/53dd7c1f-303f-49e7-a970-2dcc7cf5f88f.d73d346ee59ea26fc87b9229ea2ee348.jpeg?odnHeight=576&amp;odnWidth=576&amp;odnBg=FFFFFF" width="" height="" class="absolute top-0 left-0" data-testid="productTileImage" alt="Farberware 12-inch x 16-inch Bamboo Cutting Board with Trench and Metal Handles"/></div><div class="z-2 absolute bottom--1"><div class="relative dib" data-id="999954410"><button class="w_hhLG w_8nsR w_jDfj pointer bn sans-serif b ph2 flex items-center justify-center w-auto shadow-1" type="button" data-pcss-hide="true" data-automation-id="add-to-cart" aria-label="Add to cart - Farberware 12-inch x 16-inch Bamboo Cutting Board with Trench and Metal Handles"><i class="ld ld-Plus" style="font-size:1.5rem;vertical-align:-0.25em;width:1.5rem;height:1.5rem;box-sizing:content-box" title="add to cart"></i><span class="mr2">Add</span></button></div></div></div><div class="mt5 mb0" style="height:24px" data-testid="variant-999954410"></div><div data-automation-id="product-price" class="flex flex-wrap justify-start items-center lh-title mb1-m"><div class="mr1 mr2-xl b black lh-copy f5 f4-l" aria-hidden="true">$16.44</div><span class="w_iUH7">current price $16.44</span></div><span class=""><span class="w_V_DM" style="-webkit-line-clamp:3;padding-bottom:0em;margin-bottom:-0em"><span data-automation-id="product-title" class="normal dark-gray mb0 mt1 lh-title f6 f5-l">Farberware 12-inch x 16-inch Bamboo Cutting Board with Trench and Metal Handles</span></span></span><div class="flex items-center mt2"><span class="black inline-flex mr1" data-testid="product-ratings" data-value="4.8"><i class="ld ld-StarFill" style="font-size:12px;vertical-align:-0.175em;width:12px;height:12px;box-sizing:content-box" aria-hidden="true"></i><i class="ld ld-StarFill" style="font-size:12px;vertical-align:-0.175em;width:12px;height:12px;box-sizing:content-box" aria-hidden="true"></i><i class="ld ld-StarFill" style="font-size:12px;vertical-align:-0.175em;width:12px;height:12px;box-sizing:content-box" aria-hidden="true"></i><i class="ld ld-StarFill" style="font-size:12px;vertical-align:-0.175em;width:12px;height:12px;box-sizing:content-box" aria-hidden="true"></i><i class="ld ld-StarFill" style="font-size:12px;vertical-align:-0.175em;width:12px;height:12px;box-sizing:content-box" aria-hidden="true"></i></span><span class="sans-serif gray f7" aria-hidden="true" data-testid="product-reviews" data-value="194">194</span><span class="w_iUH7">4.8 out of 5 Stars. 194 reviews</span></div><div></div><div class="mb2 mt2"><span class="w_iUH7">Available for Pickup, Delivery or 1-day shipping</span><span class="w_VbBP w_mFV6 w_I_19 w_3oNC w_AAn7 mr1 mt1 ph1" aria-hidden="true">Pickup</span><span class="w_VbBP w_mFV6 w_I_19 w_3oNC w_AAn7 mr1 mt1 ph1" aria-hidden="true">Delivery</span><span class="w_VbBP w_mFV6 w_I_19 w_3oNC w_AAn7 mr1 mt1 ph1" aria-hidden="true">1-day shipping</span></div></div></li><li class="flex flex-column items-center pa1 pr2 pb2" data-slide="1"><div role="group" data-item-id="983685409" class="sans-serif mid-gray relative flex flex-column w-100 h-100 hide-child-opacity" data-testid="product-tile-1" aria-label="Product"><a link-identifier="983685409" class="absolute w-100 h-100 z-1 hide-sibling-opacity" target="" href="/ip/Farberware-Professional-Cheese-Slicer-with-Plastic-Black-Handle/983685409?athcpid=983685409&amp;athpgid=AthenaContentPage_4740967&amp;athcgid=null&amp;athznid=ItemCarousel_0854e2b6-58d8-42ff-99e6-659a9ccb2afa_items&amp;athieid=v0&amp;athstid=CS020&amp;athguid=s-SwGJlwQKwJx4-cn3aD3PFfAgOp1Vtd9RFT&amp;athancid=null&amp;athena=true"><span class="w_iUH7"><h3>Farberware Professional Cheese Slicer with Plastic Black Handle</h3></span></a><div class="h2 relative mv2"></div><div class="relative"><div class="relative overflow-hidden" style="max-width:226px;height:0;padding-bottom:min(226px, 100%);align-self:center;width:min(226px, 100%)"><img loading="lazy" srcset="https://i5.walmartimages.com/asr/9fd7fce6-5bb8-4108-8d19-342e61db3dc4.55a982dc541bf879570ea1ecc2454c80.jpeg?odnHeight=226&amp;odnWidth=226&amp;odnBg=FFFFFF 1x, https://i5.walmartimages.com/asr/9fd7fce6-5bb8-4108-8d19-342e61db3dc4.55a982dc541bf879570ea1ecc2454c80.jpeg?odnHeight=576&amp;odnWidth=576&amp;odnBg=FFFFFF 2x" src="https://i5.walmartimages.com/asr/9fd7fce6-5bb8-4108-8d19-342e61db3dc4.55a982dc541bf879570ea1ecc2454c80.jpeg?odnHeight=576&amp;odnWidth=576&amp;odnBg=FFFFFF" width="" height="" class="absolute top-0 left-0" data-testid="productTileImage" alt="Farberware Professional Cheese Slicer with Plastic Black Handle"/></div><div class="z-2 absolute bottom--1"><div class="relative dib" data-id="983685409"><button class="w_hhLG w_8nsR w_jDfj pointer bn sans-serif b ph2 flex items-center justify-center w-auto shadow-1" type="button" data-pcss-hide="true" data-automation-id="add-to-cart" aria-label="Add to cart - Farberware Professional Cheese Slicer with Plastic Black Handle"><i class="ld ld-Plus" style="font-size:1.5rem;vertical-align:-0.25em;width:1.5rem;height:1.5rem;box-sizing:content-box" title="add to cart"></i><span class="mr2">Add</span></button></div></div></div><div class="mt5 mb0" style="height:24px" data-testid="variant-983685409"></div><div data-automation-id="product-price" class="flex flex-wrap justify-start items-center lh-title mb1-m"><div class="mr1 mr2-xl b black lh-copy f5 f4-l" aria-hidden="true">$5.97</div><span class="w_iUH7">current price $5.97</span></div><span class=""><span class="w_V_DM" style="-webkit-line-clamp:3;padding-bottom:0em;margin-bottom:-0em"><span data-automation-id="product-title" class="normal dark-gray mb0 mt1 lh-title f6 f5-l">Farberware Professional Cheese Slicer with Plastic Black Handle</span></span></span><div class="flex items-center mt2"><span class="black inline-flex mr1" data-testid="product-ratings" data-value="4"><i class="ld ld-StarFill" style="font-size:12px;vertical-align:-0.175em;width:12px;height:12px;box-sizing:content-box" aria-hidden="true"></i><i class="ld ld-StarFill" style="font-size:12px;vertical-align:-0.175em;width:12px;height:12px;box-sizing:content-box" aria-hidden="true"></i><i class="ld ld-StarFill" style="font-size:12px;vertical-align:-0.175em;width:12px;height:12px;box-sizing:content-box" aria-hidden="true"></i><i class="ld ld-StarFill" style="font-size:12px;vertical-align:-0.175em;width:12px;height:12px;box-sizing:content-box" aria-hidden="true"></i><i class="ld ld-Star" style="font-size:12px;vertical-align:-0.175em;width:12px;height:12px;box-sizing:content-box" aria-hidden="true"></i></span><span class="sans-serif gray f7" aria-hidden="true" data-testid="product-reviews" data-value="369">369</span><span class="w_iUH7">4 out of 5 Stars. 369 reviews</span></div><div></div><div class="mb2 mt2"><span class="w_iUH7">Available for Pickup or Delivery</span><span class="w_VbBP w_mFV6 w_I_19 w_3oNC w_AAn7 mr1 mt1 ph1" aria-hidden="true">Pickup</span><span class="w_VbBP w_mFV6 w_I_19 w_3oNC w_AAn7 mr1 mt1 ph1" aria-hidden="true">Delivery</span></div></div></li><li class="flex flex-column items-center pa1 pr2 pb2" data-slide="2"><div role="group" data-item-id="756102484" class="sans-serif mid-gray relative flex flex-column w-100 h-100 hide-child-opacity" data-testid="product-tile-2" aria-label="Product"><a link-identifier="756102484" class="absolute w-100 h-100 z-1 hide-sibling-opacity" target="" href="/ip/Better-Homes-Gardens-6-Piece-White-Porcelain-Grazing-Board-With-Acacia-Wood/756102484?athcpid=756102484&amp;athpgid=AthenaContentPage_4740967&amp;athcgid=null&amp;athznid=ItemCarousel_0854e2b6-58d8-42ff-99e6-659a9ccb2afa_items&amp;athieid=v0&amp;athstid=CS020&amp;athguid=s-SwGJlwQKwJx4-cn3aD3PFfAgOp1Vtd9RFT&amp;athancid=null&amp;athena=true"><span class="w_iUH7"><h3>Better Homes &amp; Gardens 6 Piece White Porcelain Grazing Board With Acacia Wood</h3></span></a><div class="h2 relative mv2"></div><div class="relative"><div class="relative overflow-hidden" style="max-width:226px;height:0;padding-bottom:min(226px, 100%);align-self:center;width:min(226px, 100%)"><img loading="lazy" srcset="https://i5.walmartimages.com/asr/358b4900-cf8b-4587-a6b6-3c7abbb9292c.6d5c3eb358e2dceb5dceb87234b83162.jpeg?odnHeight=226&amp;odnWidth=226&amp;odnBg=FFFFFF 1x, https://i5.walmartimages.com/asr/358b4900-cf8b-4587-a6b6-3c7abbb9292c.6d5c3eb358e2dceb5dceb87234b83162.jpeg?odnHeight=576&amp;odnWidth=576&amp;odnBg=FFFFFF 2x" src="https://i5.walmartimages.com/asr/358b4900-cf8b-4587-a6b6-3c7abbb9292c.6d5c3eb358e2dceb5dceb87234b83162.jpeg?odnHeight=576&amp;odnWidth=576&amp;odnBg=FFFFFF" width="" height="" class="absolute top-0 left-0" data-testid="productTileImage" alt="Better Homes &amp; Gardens 6 Piece White Porcelain Grazing Board With Acacia Wood"/></div><div class="z-2 absolute bottom--1"><div class="relative dib" data-id="756102484"><button class="w_hhLG w_8nsR w_jDfj pointer bn sans-serif b ph2 flex items-center justify-center w-auto shadow-1" type="button" data-pcss-hide="true" data-automation-id="add-to-cart" aria-label="Add to cart - Better Homes &amp; Gardens 6 Piece White Porcelain Grazing Board With Acacia Wood"><i class="ld ld-Plus" style="font-size:1.5rem;vertical-align:-0.25em;width:1.5rem;height:1.5rem;box-sizing:content-box" title="add to cart"></i><span class="mr2">Add</span></button></div></div></div><div class="mt5 mb0" style="height:24px" data-testid="variant-756102484"></div><div data-automation-id="product-price" class="flex flex-wrap justify-start items-center lh-title mb1-m"><div class="mr1 mr2-xl b black lh-copy f5 f4-l" aria-hidden="true">$22.86</div><span class="w_iUH7">current price $22.86</span></div><span class=""><span class="w_V_DM" style="-webkit-line-clamp:3;padding-bottom:0em;margin-bottom:-0em"><span data-automation-id="product-title" class="normal dark-gray mb0 mt1 lh-title f6 f5-l">Better Homes &amp; Gardens 6 Piece White Porcelain Grazing Board With Acacia Wood</span></span></span><div class="flex items-center mt2"><span class="black inline-flex mr1" data-testid="product-ratings" data-value="4.9"><i class="ld ld-StarFill" style="font-size:12px;vertical-align:-0.175em;width:12px;height:12px;box-sizing:content-box" aria-hidden="true"></i><i class="ld ld-StarFill" style="font-size:12px;vertical-align:-0.175em;width:12px;height:12px;box-sizing:content-box" aria-hidden="true"></i><i class="ld ld-StarFill" style="font-size:12px;vertical-align:-0.175em;width:12px;height:12px;box-sizing:content-box" aria-hidden="true"></i><i class="ld ld-StarFill" style="font-size:12px;vertical-align:-0.175em;width:12px;height:12px;box-sizing:content-box" aria-hidden="true"></i><i class="ld ld-StarFill" style="font-size:12px;vertical-align:-0.175em;width:12px;height:12px;box-sizing:content-box" aria-hidden="true"></i></span><span class="sans-serif gray f7" aria-hidden="true" data-testid="product-reviews" data-value="23">23</span><span class="w_iUH7">4.9 out of 5 Stars. 23 reviews</span></div><div></div><div class="mb2 mt2"><span class="w_iUH7">Available for Pickup, Delivery or 1-day shipping</span><span class="w_VbBP w_mFV6 w_I_19 w_3oNC w_AAn7 mr1 mt1 ph1" aria-hidden="true">Pickup</span><span class="w_VbBP w_mFV6 w_I_19 w_3oNC w_AAn7 mr1 mt1 ph1" aria-hidden="true">Delivery</span><span class="w_VbBP w_mFV6 w_I_19 w_3oNC w_AAn7 mr1 mt1 ph1" aria-hidden="true">1-day shipping</span></div></div></li><li class="flex flex-column items-center pa1 pr2 pb2" data-slide="3"><div role="group" data-item-id="458598997" class="sans-serif mid-gray relative flex flex-column w-100 h-100 hide-child-opacity" data-testid="product-tile-3" aria-label="Product"><a link-identifier="458598997" class="absolute w-100 h-100 z-1 hide-sibling-opacity" target="" href="/ip/Thyme-Table-12-x-18-Acacia-Wood-SoHo-Cutting-Board/458598997?athcpid=458598997&amp;athpgid=AthenaContentPage_4740967&amp;athcgid=null&amp;athznid=ItemCarousel_0854e2b6-58d8-42ff-99e6-659a9ccb2afa_items&amp;athieid=v0&amp;athstid=CS020&amp;athguid=s-SwGJlwQKwJx4-cn3aD3PFfAgOp1Vtd9RFT&amp;athancid=null&amp;athena=true&amp;athbdg=L1600"><span class="w_iUH7"><h3>Thyme &amp; Table 12&#34; x 18&#34; Acacia Wood SoHo Cutting Board</h3></span></a><div class="h2 relative mv2"><span class="w_VbBP w_mFV6 w_awtt w_3oNC w_3H8O tag-leading-badge absolute">Best seller</span></div><div class="relative"><div class="relative overflow-hidden" style="max-width:226px;height:0;padding-bottom:min(226px, 100%);align-self:center;width:min(226px, 100%)"><img loading="lazy" srcset="https://i5.walmartimages.com/asr/0189115b-7c2c-4eb7-9a58-a8a122a6bfcf.127c800b360874630b3c7f1123e7ddcc.jpeg?odnHeight=226&amp;odnWidth=226&amp;odnBg=FFFFFF 1x, https://i5.walmartimages.com/asr/0189115b-7c2c-4eb7-9a58-a8a122a6bfcf.127c800b360874630b3c7f1123e7ddcc.jpeg?odnHeight=576&amp;odnWidth=576&amp;odnBg=FFFFFF 2x" src="https://i5.walmartimages.com/asr/0189115b-7c2c-4eb7-9a58-a8a122a6bfcf.127c800b360874630b3c7f1123e7ddcc.jpeg?odnHeight=576&amp;odnWidth=576&amp;odnBg=FFFFFF" width="" height="" class="absolute top-0 left-0" data-testid="productTileImage" alt="Thyme &amp; Table 12&#34; x 18&#34; Acacia Wood SoHo Cutting Board"/></div><div class="z-2 absolute bottom--1"><div class="relative dib" data-id="458598997"><button class="w_hhLG w_8nsR w_jDfj pointer bn sans-serif b ph2 flex items-center justify-center w-auto shadow-1" type="button" data-pcss-hide="true" data-automation-id="add-to-cart" aria-label="Add to cart - Thyme &amp; Table 12&#34; x 18&#34; Acacia Wood SoHo Cutting Board"><i class="ld ld-Plus" style="font-size:1.5rem;vertical-align:-0.25em;width:1.5rem;height:1.5rem;box-sizing:content-box" title="add to cart"></i><span class="mr2">Add</span></button></div></div></div><div class="mt5 mb0" style="height:24px" data-testid="variant-458598997"></div><div data-automation-id="product-price" class="flex flex-wrap justify-start items-center lh-title mb1-m"><div class="mr1 mr2-xl b black lh-copy f5 f4-l" aria-hidden="true">$20.47</div><span class="w_iUH7">current price $20.47</span></div><span class=""><span class="w_V_DM" style="-webkit-line-clamp:3;padding-bottom:0em;margin-bottom:-0em"><span data-automation-id="product-title" class="normal dark-gray mb0 mt1 lh-title f6 f5-l">Thyme &amp; Table 12&#34; x 18&#34; Acacia Wood SoHo Cutting Board</span></span></span><div class="flex items-center mt2"><span class="black inline-flex mr1" data-testid="product-ratings" data-value="4.4"><i class="ld ld-StarFill" style="font-size:12px;vertical-align:-0.175em;width:12px;height:12px;box-sizing:content-box" aria-hidden="true"></i><i class="ld ld-StarFill" style="font-size:12px;vertical-align:-0.175em;width:12px;height:12px;box-sizing:content-box" aria-hidden="true"></i><i class="ld ld-StarFill" style="font-size:12px;vertical-align:-0.175em;width:12px;height:12px;box-sizing:content-box" aria-hidden="true"></i><i class="ld ld-StarFill" style="font-size:12px;vertical-align:-0.175em;width:12px;height:12px;box-sizing:content-box" aria-hidden="true"></i><i class="ld ld-StarHalf" style="font-size:12px;vertical-align:-0.175em;width:12px;height:12px;box-sizing:content-box" aria-hidden="true"></i></span><span class="sans-serif gray f7" aria-hidden="true" data-testid="product-reviews" data-value="115">115</span><span class="w_iUH7">4.4 out of 5 Stars. 115 reviews</span></div><div></div><div class="mb2 mt2"><span class="w_iUH7">Available for Pickup, Delivery or 1-day shipping</span><span class="w_VbBP w_mFV6 w_I_19 w_3oNC w_AAn7 mr1 mt1 ph1" aria-hidden="true">Pickup</span><span class="w_VbBP w_mFV6 w_I_19 w_3oNC w_AAn7 mr1 mt1 ph1" aria-hidden="true">Delivery</span><span class="w_VbBP w_mFV6 w_I_19 w_3oNC w_AAn7 mr1 mt1 ph1" aria-hidden="true">1-day shipping</span></div></div></li><li class="flex flex-column items-center pa1 pr2 pb2" data-slide="4"><div role="group" data-item-id="314423778" class="sans-serif mid-gray relative flex flex-column w-100 h-100 hide-child-opacity" data-testid="product-tile-4" aria-label="Product"><a link-identifier="314423778" class="absolute w-100 h-100 z-1 hide-sibling-opacity" target="" href="/ip/The-Pioneer-Woman-4-Piece-Stainless-Steel-Cheese-Knife-Serving-Set-Gorgeous-Garden/314423778?athcpid=314423778&amp;athpgid=AthenaContentPage_4740967&amp;athcgid=null&amp;athznid=ItemCarousel_0854e2b6-58d8-42ff-99e6-659a9ccb2afa_items&amp;athieid=v0&amp;athstid=CS020&amp;athguid=s-SwGJlwQKwJx4-cn3aD3PFfAgOp1Vtd9RFT&amp;athancid=null&amp;athena=true"><span class="w_iUH7"><h3>The Pioneer Woman 4-Piece Stainless Steel Cheese Knife Serving Set, Gorgeous Garden</h3></span></a><div class="h2 relative mv2"></div><div class="relative"><div class="relative overflow-hidden" style="max-width:226px;height:0;padding-bottom:min(226px, 100%);align-self:center;width:min(226px, 100%)"><img loading="lazy" srcset="https://i5.walmartimages.com/asr/9dfb5eda-db5d-49db-9a7e-38bb338c4f87_1.d775720b025710c643001a25419dabcc.jpeg?odnHeight=226&amp;odnWidth=226&amp;odnBg=FFFFFF 1x, https://i5.walmartimages.com/asr/9dfb5eda-db5d-49db-9a7e-38bb338c4f87_1.d775720b025710c643001a25419dabcc.jpeg?odnHeight=576&amp;odnWidth=576&amp;odnBg=FFFFFF 2x" src="https://i5.walmartimages.com/asr/9dfb5eda-db5d-49db-9a7e-38bb338c4f87_1.d775720b025710c643001a25419dabcc.jpeg?odnHeight=576&amp;odnWidth=576&amp;odnBg=FFFFFF" width="" height="" class="absolute top-0 left-0" data-testid="productTileImage" alt="The Pioneer Woman 4-Piece Stainless Steel Cheese Knife Serving Set, Gorgeous Garden"/></div><div class="z-2 absolute bottom--1"><div class="relative dib" data-id="314423778"><button class="w_hhLG w_8nsR w_jDfj pointer bn sans-serif b ph2 flex items-center justify-center w-auto shadow-1" type="button" data-pcss-hide="true" data-automation-id="add-to-cart" aria-label="Add to cart - The Pioneer Woman 4-Piece Stainless Steel Cheese Knife Serving Set, Gorgeous Garden"><i class="ld ld-Plus" style="font-size:1.5rem;vertical-align:-0.25em;width:1.5rem;height:1.5rem;box-sizing:content-box" title="add to cart"></i><span class="mr2">Add</span></button></div></div></div><div class="mt5 mb0" style="height:24px" data-testid="variant-314423778"></div><div data-automation-id="product-price" class="flex flex-wrap justify-start items-center lh-title mb1-m"><div class="mr1 mr2-xl b black lh-copy f5 f4-l" aria-hidden="true">$14.97</div><span class="w_iUH7">current price $14.97</span></div><span class=""><span class="w_V_DM" style="-webkit-line-clamp:3;padding-bottom:0em;margin-bottom:-0em"><span data-automation-id="product-title" class="normal dark-gray mb0 mt1 lh-title f6 f5-l">The Pioneer Woman 4-Piece Stainless Steel Cheese Knife Serving Set, Gorgeous Garden</span></span></span><div class="flex items-center mt2"><span class="black inline-flex mr1" data-testid="product-ratings" data-value="4.7"><i class="ld ld-StarFill" style="font-size:12px;vertical-align:-0.175em;width:12px;height:12px;box-sizing:content-box" aria-hidden="true"></i><i class="ld ld-StarFill" style="font-size:12px;vertical-align:-0.175em;width:12px;height:12px;box-sizing:content-box" aria-hidden="true"></i><i class="ld ld-StarFill" style="font-size:12px;vertical-align:-0.175em;width:12px;height:12px;box-sizing:content-box" aria-hidden="true"></i><i class="ld ld-StarFill" style="font-size:12px;vertical-align:-0.175em;width:12px;height:12px;box-sizing:content-box" aria-hidden="true"></i><i class="ld ld-StarHalf" style="font-size:12px;vertical-align:-0.175em;width:12px;height:12px;box-sizing:content-box" aria-hidden="true"></i></span><span class="sans-serif gray f7" aria-hidden="true" data-testid="product-reviews" data-value="41">41</span><span class="w_iUH7">4.7 out of 5 Stars. 41 reviews</span></div><div></div><div class="mb2 mt2"><span class="w_iUH7">Available for 3+ day shipping</span><span class="w_VbBP w_mFV6 w_I_19 w_3oNC w_AAn7 mr1 mt1 ph1" aria-hidden="true">3+ day shipping</span></div></div></li><li class="flex flex-column items-center pa1 pr2 pb2" data-slide="5"><div role="group" data-item-id="40703596" class="sans-serif mid-gray relative flex flex-column w-100 h-100 hide-child-opacity" data-testid="product-tile-5" aria-label="Product"><a link-identifier="40703596" class="absolute w-100 h-100 z-1 hide-sibling-opacity" target="" href="/ip/Dixie-Disposable-Paper-Plates-Multicolor-7-in-50-Count/40703596?athcpid=40703596&amp;athpgid=AthenaContentPage_4740967&amp;athcgid=null&amp;athznid=ItemCarousel_0854e2b6-58d8-42ff-99e6-659a9ccb2afa_items&amp;athieid=v0&amp;athstid=CS020&amp;athguid=s-SwGJlwQKwJx4-cn3aD3PFfAgOp1Vtd9RFT&amp;athancid=null&amp;athena=true"><span class="w_iUH7"><h3>Dixie Disposable Paper Plates, Multicolor, 7 in, 50 Count</h3></span></a><div class="h2 relative mv2"></div><div class="relative"><div class="relative overflow-hidden" style="max-width:226px;height:0;padding-bottom:min(226px, 100%);align-self:center;width:min(226px, 100%)"><img loading="lazy" srcset="https://i5.walmartimages.com/asr/517dcdb4-7f00-4c14-b5d3-ba8a1b4c2afa.6832b8ad6e435782b36306dea16d75e7.jpeg?odnHeight=226&amp;odnWidth=226&amp;odnBg=FFFFFF 1x, https://i5.walmartimages.com/asr/517dcdb4-7f00-4c14-b5d3-ba8a1b4c2afa.6832b8ad6e435782b36306dea16d75e7.jpeg?odnHeight=576&amp;odnWidth=576&amp;odnBg=FFFFFF 2x" src="https://i5.walmartimages.com/asr/517dcdb4-7f00-4c14-b5d3-ba8a1b4c2afa.6832b8ad6e435782b36306dea16d75e7.jpeg?odnHeight=576&amp;odnWidth=576&amp;odnBg=FFFFFF" width="" height="" class="absolute top-0 left-0" data-testid="productTileImage" alt="Dixie Disposable Paper Plates, Multicolor, 7 in, 50 Count"/></div><div class="z-2 absolute bottom--1"><div class="relative dib" data-id="40703596"><button class="w_hhLG w_8nsR w_jDfj pointer bn sans-serif b ph2 flex items-center justify-center w-auto shadow-1" type="button" data-pcss-hide="true" data-automation-id="add-to-cart" aria-label="Add to cart - Dixie Disposable Paper Plates, Multicolor, 7 in, 50 Count"><i class="ld ld-Plus" style="font-size:1.5rem;vertical-align:-0.25em;width:1.5rem;height:1.5rem;box-sizing:content-box" title="add to cart"></i><span class="mr2">Add</span></button></div></div></div><div class="mt5 mb0" style="height:24px" data-testid="variant-40703596"></div><div data-automation-id="product-price" class="flex flex-wrap justify-start items-center lh-title mb1-m"><div class="mr1 mr2-xl b black lh-copy f5 f4-l" aria-hidden="true">$3.48</div><span class="w_iUH7">current price $3.48</span><div class="gray mr1 f7 f6-l">7.0 ¢/count</div></div><span class=""><span class="w_V_DM" style="-webkit-line-clamp:3;padding-bottom:0em;margin-bottom:-0em"><span data-automation-id="product-title" class="normal dark-gray mb0 mt1 lh-title f6 f5-l">Dixie Disposable Paper Plates, Multicolor, 7 in, 50 Count</span></span></span><div class="flex items-center mt2"><span class="black inline-flex mr1" data-testid="product-ratings" data-value="4.7"><i class="ld ld-StarFill" style="font-size:12px;vertical-align:-0.175em;width:12px;height:12px;box-sizing:content-box" aria-hidden="true"></i><i class="ld ld-StarFill" style="font-size:12px;vertical-align:-0.175em;width:12px;height:12px;box-sizing:content-box" aria-hidden="true"></i><i class="ld ld-StarFill" style="font-size:12px;vertical-align:-0.175em;width:12px;height:12px;box-sizing:content-box" aria-hidden="true"></i><i class="ld ld-StarFill" style="font-size:12px;vertical-align:-0.175em;width:12px;height:12px;box-sizing:content-box" aria-hidden="true"></i><i class="ld ld-StarHalf" style="font-size:12px;vertical-align:-0.175em;width:12px;height:12px;box-sizing:content-box" aria-hidden="true"></i></span><span class="sans-serif gray f7" aria-hidden="true" data-testid="product-reviews" data-value="2592">2592</span><span class="w_iUH7">4.7 out of 5 Stars. 2592 reviews</span></div><div></div><div class="mb2 mt2"><span class="w_iUH7">Available for Pickup or Delivery</span><span class="w_VbBP w_mFV6 w_I_19 w_3oNC w_AAn7 mr1 mt1 ph1" aria-hidden="true">Pickup</span><span class="w_VbBP w_mFV6 w_I_19 w_3oNC w_AAn7 mr1 mt1 ph1" aria-hidden="true">Delivery</span></div></div></li><li class="flex flex-column items-center pa1 pr2 pb2" data-slide="6"><div role="group" data-item-id="31696283" class="sans-serif mid-gray relative flex flex-column w-100 h-100 hide-child-opacity" data-testid="product-tile-6" aria-label="Product"><a link-identifier="31696283" class="absolute w-100 h-100 z-1 hide-sibling-opacity" target="" href="/ip/Way-to-Celebrate-Red-Paper-Dessert-Plates-7in-24ct/31696283?athcpid=31696283&amp;athpgid=AthenaContentPage_4740967&amp;athcgid=null&amp;athznid=ItemCarousel_0854e2b6-58d8-42ff-99e6-659a9ccb2afa_items&amp;athieid=v0&amp;athstid=CS020&amp;athguid=s-SwGJlwQKwJx4-cn3aD3PFfAgOp1Vtd9RFT&amp;athancid=null&amp;athena=true&amp;athbdg=L1600"><span class="w_iUH7"><h3>Way to Celebrate! Red Paper Dessert Plates, 7in, 24ct</h3></span></a><div class="h2 relative mv2"><span class="w_VbBP w_mFV6 w_awtt w_3oNC w_3H8O tag-leading-badge absolute">Best seller</span></div><div class="relative"><div class="relative overflow-hidden" style="max-width:226px;height:0;padding-bottom:min(226px, 100%);align-self:center;width:min(226px, 100%)"><img loading="lazy" srcset="https://i5.walmartimages.com/asr/162a30aa-8844-4fcc-af6e-6acee827e0be.f82dc338aa419e421c8f27f7cac0823f.jpeg?odnHeight=226&amp;odnWidth=226&amp;odnBg=FFFFFF 1x, https://i5.walmartimages.com/asr/162a30aa-8844-4fcc-af6e-6acee827e0be.f82dc338aa419e421c8f27f7cac0823f.jpeg?odnHeight=576&amp;odnWidth=576&amp;odnBg=FFFFFF 2x" src="https://i5.walmartimages.com/asr/162a30aa-8844-4fcc-af6e-6acee827e0be.f82dc338aa419e421c8f27f7cac0823f.jpeg?odnHeight=576&amp;odnWidth=576&amp;odnBg=FFFFFF" width="" height="" class="absolute top-0 left-0" data-testid="productTileImage" alt="Way to Celebrate! Red Paper Dessert Plates, 7in, 24ct"/></div><div class="z-2 absolute bottom--1"><div class="relative dib" data-id="31696283"><button class="w_hhLG w_8nsR w_jDfj pointer bn sans-serif b ph2 flex items-center justify-center w-auto shadow-1" type="button" data-pcss-hide="true" data-automation-id="add-to-cart" aria-label="Add to cart - Way to Celebrate! Red Paper Dessert Plates, 7in, 24ct"><i class="ld ld-Plus" style="font-size:1.5rem;vertical-align:-0.25em;width:1.5rem;height:1.5rem;box-sizing:content-box" title="add to cart"></i><span class="mr2">Add</span></button></div></div></div><div class="mt5 mb0" style="height:24px" data-testid="variant-31696283"></div><div data-automation-id="product-price" class="flex flex-wrap justify-start items-center lh-title mb1-m"><div class="mr1 mr2-xl b black green lh-copy f5 f4-l" aria-hidden="true">Now $0.97</div><span class="w_iUH7">current price Now $0.97</span><div class="gray mr1 strike f7 f6-l" aria-hidden="true">$2.00</div><span class="w_iUH7">Was $2.00</span><div class="gray mr1 f7 f6-l">4.0 ¢/ea</div></div><span class=""><span class="w_V_DM" style="-webkit-line-clamp:3;padding-bottom:0em;margin-bottom:-0em"><span data-automation-id="product-title" class="normal dark-gray mb0 mt1 lh-title f6 f5-l">Way to Celebrate! Red Paper Dessert Plates, 7in, 24ct</span></span></span><div class="flex items-center mt2"><span class="black inline-flex mr1" data-testid="product-ratings" data-value="4.6"><i class="ld ld-StarFill" style="font-size:12px;vertical-align:-0.175em;width:12px;height:12px;box-sizing:content-box" aria-hidden="true"></i><i class="ld ld-StarFill" style="font-size:12px;vertical-align:-0.175em;width:12px;height:12px;box-sizing:content-box" aria-hidden="true"></i><i class="ld ld-StarFill" style="font-size:12px;vertical-align:-0.175em;width:12px;height:12px;box-sizing:content-box" aria-hidden="true"></i><i class="ld ld-StarFill" style="font-size:12px;vertical-align:-0.175em;width:12px;height:12px;box-sizing:content-box" aria-hidden="true"></i><i class="ld ld-StarHalf" style="font-size:12px;vertical-align:-0.175em;width:12px;height:12px;box-sizing:content-box" aria-hidden="true"></i></span><span class="sans-serif gray f7" aria-hidden="true" data-testid="product-reviews" data-value="112">112</span><span class="w_iUH7">4.6 out of 5 Stars. 112 reviews</span></div><div></div><div class="mb2 mt2"><span class="w_iUH7">Available for Pickup or Delivery</span><span class="w_VbBP w_mFV6 w_I_19 w_3oNC w_AAn7 mr1 mt1 ph1" aria-hidden="true">Pickup</span><span class="w_VbBP w_mFV6 w_I_19 w_3oNC w_AAn7 mr1 mt1 ph1" aria-hidden="true">Delivery</span></div></div></li><li class="flex flex-column items-center pa1 pr2 pb2" data-slide="7"><div role="group" data-item-id="31696287" class="sans-serif mid-gray relative flex flex-column w-100 h-100 hide-child-opacity" data-testid="product-tile-7" aria-label="Product"><a link-identifier="31696287" class="absolute w-100 h-100 z-1 hide-sibling-opacity" target="" href="/ip/Way-to-Celebrate-Electric-Blue-Paper-Dessert-Plates-7in-24ct/31696287?athcpid=31696287&amp;athpgid=AthenaContentPage_4740967&amp;athcgid=null&amp;athznid=ItemCarousel_0854e2b6-58d8-42ff-99e6-659a9ccb2afa_items&amp;athieid=v0&amp;athstid=CS020&amp;athguid=s-SwGJlwQKwJx4-cn3aD3PFfAgOp1Vtd9RFT&amp;athancid=null&amp;athena=true"><span class="w_iUH7"><h3>Way to Celebrate! Electric Blue Paper Dessert Plates, 7in, 24ct</h3></span></a><div class="h2 relative mv2"></div><div class="relative"><div class="relative overflow-hidden" style="max-width:226px;height:0;padding-bottom:min(226px, 100%);align-self:center;width:min(226px, 100%)"><img loading="lazy" srcset="https://i5.walmartimages.com/asr/83982ea5-466e-47d8-aab4-a5a204ffcc18.225153a5e2ba7dfc8601b1195f85aff8.jpeg?odnHeight=226&amp;odnWidth=226&amp;odnBg=FFFFFF 1x, https://i5.walmartimages.com/asr/83982ea5-466e-47d8-aab4-a5a204ffcc18.225153a5e2ba7dfc8601b1195f85aff8.jpeg?odnHeight=576&amp;odnWidth=576&amp;odnBg=FFFFFF 2x" src="https://i5.walmartimages.com/asr/83982ea5-466e-47d8-aab4-a5a204ffcc18.225153a5e2ba7dfc8601b1195f85aff8.jpeg?odnHeight=576&amp;odnWidth=576&amp;odnBg=FFFFFF" width="" height="" class="absolute top-0 left-0" data-testid="productTileImage" alt="Way to Celebrate! Electric Blue Paper Dessert Plates, 7in, 24ct"/></div><div class="z-2 absolute bottom--1"><div class="relative dib" data-id="31696287"><button class="w_hhLG w_8nsR w_jDfj pointer bn sans-serif b ph2 flex items-center justify-center w-auto shadow-1" type="button" data-pcss-hide="true" data-automation-id="add-to-cart" aria-label="Add to cart - Way to Celebrate! Electric Blue Paper Dessert Plates, 7in, 24ct"><i class="ld ld-Plus" style="font-size:1.5rem;vertical-align:-0.25em;width:1.5rem;height:1.5rem;box-sizing:content-box" title="add to cart"></i><span class="mr2">Add</span></button></div></div></div><div class="mt5 mb0" style="height:24px" data-testid="variant-31696287"></div><div data-automation-id="product-price" class="flex flex-wrap justify-start items-center lh-title mb1-m"><div class="mr1 mr2-xl b black lh-copy f5 f4-l" aria-hidden="true">$0.97</div><span class="w_iUH7">current price $0.97</span><div class="gray mr1 f7 f6-l">4.0 ¢/ea</div></div><span class=""><span class="w_V_DM" style="-webkit-line-clamp:3;padding-bottom:0em;margin-bottom:-0em"><span data-automation-id="product-title" class="normal dark-gray mb0 mt1 lh-title f6 f5-l">Way to Celebrate! Electric Blue Paper Dessert Plates, 7in, 24ct</span></span></span><div class="flex items-center mt2"><span class="black inline-flex mr1" data-testid="product-ratings" data-value="4.5"><i class="ld ld-StarFill" style="font-size:12px;vertical-align:-0.175em;width:12px;height:12px;box-sizing:content-box" aria-hidden="true"></i><i class="ld ld-StarFill" style="font-size:12px;vertical-align:-0.175em;width:12px;height:12px;box-sizing:content-box" aria-hidden="true"></i><i class="ld ld-StarFill" style="font-size:12px;vertical-align:-0.175em;width:12px;height:12px;box-sizing:content-box" aria-hidden="true"></i><i class="ld ld-StarFill" style="font-size:12px;vertical-align:-0.175em;width:12px;height:12px;box-sizing:content-box" aria-hidden="true"></i><i class="ld ld-StarHalf" style="font-size:12px;vertical-align:-0.175em;width:12px;height:12px;box-sizing:content-box" aria-hidden="true"></i></span><span class="sans-serif gray f7" aria-hidden="true" data-testid="product-reviews" data-value="197">197</span><span class="w_iUH7">4.5 out of 5 Stars. 197 reviews</span></div><div></div><div class="mb2 mt2"><span class="w_iUH7">Available for Pickup or Delivery</span><span class="w_VbBP w_mFV6 w_I_19 w_3oNC w_AAn7 mr1 mt1 ph1" aria-hidden="true">Pickup</span><span class="w_VbBP w_mFV6 w_I_19 w_3oNC w_AAn7 mr1 mt1 ph1" aria-hidden="true">Delivery</span></div></div></li><li class="flex flex-column items-center pa1 pr2 pb2" data-slide="8"><div role="group" data-item-id="739855468" class="sans-serif mid-gray relative flex flex-column w-100 h-100 hide-child-opacity" data-testid="product-tile-8" aria-label="Product"><a link-identifier="739855468" class="absolute w-100 h-100 z-1 hide-sibling-opacity" target="" href="/ip/Mainstays-200-Piece-Wooden-Toothpicks-Bundle-with-Clear-Plastic-Container/739855468?athcpid=739855468&amp;athpgid=AthenaContentPage_4740967&amp;athcgid=null&amp;athznid=ItemCarousel_0854e2b6-58d8-42ff-99e6-659a9ccb2afa_items&amp;athieid=v0&amp;athstid=CS020&amp;athguid=s-SwGJlwQKwJx4-cn3aD3PFfAgOp1Vtd9RFT&amp;athancid=null&amp;athena=true&amp;athbdg=L1600"><span class="w_iUH7"><h3>Mainstays 200-Piece Wooden Toothpicks Bundle with Clear Plastic Container</h3></span></a><div class="h2 relative mv2"><span class="w_VbBP w_mFV6 w_awtt w_3oNC w_3H8O tag-leading-badge absolute">Best seller</span></div><div class="relative"><div class="relative overflow-hidden" style="max-width:226px;height:0;padding-bottom:min(226px, 100%);align-self:center;width:min(226px, 100%)"><img loading="lazy" srcset="https://i5.walmartimages.com/asr/6aa8c05c-d15d-47b4-8280-256fa396c55b.614d7334f93cfc8087a98289c448b092.jpeg?odnHeight=226&amp;odnWidth=226&amp;odnBg=FFFFFF 1x, https://i5.walmartimages.com/asr/6aa8c05c-d15d-47b4-8280-256fa396c55b.614d7334f93cfc8087a98289c448b092.jpeg?odnHeight=576&amp;odnWidth=576&amp;odnBg=FFFFFF 2x" src="https://i5.walmartimages.com/asr/6aa8c05c-d15d-47b4-8280-256fa396c55b.614d7334f93cfc8087a98289c448b092.jpeg?odnHeight=576&amp;odnWidth=576&amp;odnBg=FFFFFF" width="" height="" class="absolute top-0 left-0" data-testid="productTileImage" alt="Mainstays 200-Piece Wooden Toothpicks Bundle with Clear Plastic Container"/></div><div class="z-2 absolute bottom--1"><div class="relative dib" data-id="739855468"><button class="w_hhLG w_8nsR w_jDfj pointer bn sans-serif b ph2 flex items-center justify-center w-auto shadow-1" type="button" data-pcss-hide="true" data-automation-id="add-to-cart" aria-label="Add to cart - Mainstays 200-Piece Wooden Toothpicks Bundle with Clear Plastic Container"><i class="ld ld-Plus" style="font-size:1.5rem;vertical-align:-0.25em;width:1.5rem;height:1.5rem;box-sizing:content-box" title="add to cart"></i><span class="mr2">Add</span></button></div></div></div><div class="mt5 mb0" style="height:24px" data-testid="variant-739855468"></div><div data-automation-id="product-price" class="flex flex-wrap justify-start items-center lh-title mb1-m"><div class="mr1 mr2-xl b black lh-copy f5 f4-l" aria-hidden="true">$1.44</div><span class="w_iUH7">current price $1.44</span></div><span class=""><span class="w_V_DM" style="-webkit-line-clamp:3;padding-bottom:0em;margin-bottom:-0em"><span data-automation-id="product-title" class="normal dark-gray mb0 mt1 lh-title f6 f5-l">Mainstays 200-Piece Wooden Toothpicks Bundle with Clear Plastic Container</span></span></span><div class="flex items-center mt2"><span class="black inline-flex mr1" data-testid="product-ratings" data-value="4.7"><i class="ld ld-StarFill" style="font-size:12px;vertical-align:-0.175em;width:12px;height:12px;box-sizing:content-box" aria-hidden="true"></i><i class="ld ld-StarFill" style="font-size:12px;vertical-align:-0.175em;width:12px;height:12px;box-sizing:content-box" aria-hidden="true"></i><i class="ld ld-StarFill" style="font-size:12px;vertical-align:-0.175em;width:12px;height:12px;box-sizing:content-box" aria-hidden="true"></i><i class="ld ld-StarFill" style="font-size:12px;vertical-align:-0.175em;width:12px;height:12px;box-sizing:content-box" aria-hidden="true"></i><i class="ld ld-StarHalf" style="font-size:12px;vertical-align:-0.175em;width:12px;height:12px;box-sizing:content-box" aria-hidden="true"></i></span><span class="sans-serif gray f7" aria-hidden="true" data-testid="product-reviews" data-value="426">426</span><span class="w_iUH7">4.7 out of 5 Stars. 426 reviews</span></div><div></div><div class="mb2 mt2"><span class="w_iUH7">Available for Pickup or Delivery</span><span class="w_VbBP w_mFV6 w_I_19 w_3oNC w_AAn7 mr1 mt1 ph1" aria-hidden="true">Pickup</span><span class="w_VbBP w_mFV6 w_I_19 w_3oNC w_AAn7 mr1 mt1 ph1" aria-hidden="true">Delivery</span></div></div></li></ul><a link-identifier="horizontalScrollerNext" class="absolute dn z-5 bg-white br-100 pa0 pointer db-l br-100 nav-control right-1" aria-label="Next slide for Product Carousel list" data-testid="horizontal-scroller-next" role="button"><i class="ld ld-ChevronRight" style="font-size:1.5rem;vertical-align:-0.25em;padding:12px;width:1.5rem;height:1.5rem;box-sizing:content-box"></i></a></div></section></section></div> <div class="mv3 mv4-xl mh3 mb4-xl mb3 mr3-m mh0-l bb b--near-white" data-testid="HubSpokes4x1"><section><header class="flex justify-between items-baseline"><h2 class="w_kV33 w_Sl3f w_mvVb lh-title ma0">BRUNCHuterie faves</h2></header><div class="w_KPWk w_GxNv" role="list" id="Hubspokes4orNxMGrid"><div class="w_aoqv w_wRee w_EP2w w_myuK tc mt3 content-between flex-grow-0" role="listitem" id="GridColumn-0"><a link-identifier="b39563e4-7315-4d73-917b-ccaaee594421" class="no-underline sans-serif flex flex-column items-center" href="/browse/food/bacon-hot-dogs-sausage/976759_976789_1434810?povid=976759_hubspoke_4740967_BRUNCHuteriefaves_Bacon_Rweb_Jun_14"><img loading="lazy" srcset="https://i5.walmartimages.com/dfw/4ff9c6c9-5a07/k2-_b1a77896-13d5-40d5-b912-4b76a5e47384.v1.jpg?odnHeight=290&amp;odnWidth=290&amp;odnBg=FFFFFF 1x," src="https://i5.walmartimages.com/dfw/4ff9c6c9-5a07/k2-_b1a77896-13d5-40d5-b912-4b76a5e47384.v1.jpg?odnHeight=290&amp;odnWidth=290&amp;odnBg=FFFFFF" alt="" class="w-100 h-auto" width="290" height="290" style="width:;height:;max-width:290px"/><div class="w-100 tc"><span class="ma0 mid-gray lh-copy f5-l w_V_DM" style="height:">Bacon</span></div></a></div><div class="w_aoqv w_wRee w_EP2w w_myuK tc mt3 content-between flex-grow-0" role="listitem" id="GridColumn-1"><a link-identifier="dc56e23a-2652-4f3f-9f61-b985032ea175" class="no-underline sans-serif flex flex-column items-center" href="/browse/food/hummus-dips-salsa/976759_976789_7056897?sort=best_match&amp;cat_id=976759_976789_7056897_5615828&amp;stores=2133&amp;ps=40&amp;povid=976759_hubspoke_4740967_BRUNCHuteriefaves_GuacamoleDip_Rweb_Jun_14"><img loading="lazy" srcset="https://i5.walmartimages.com/dfw/4ff9c6c9-4bc7/k2-_25668113-4d03-493d-9bde-f9c5d6f689dc.v1.jpg?odnHeight=290&amp;odnWidth=290&amp;odnBg=FFFFFF 1x," src="https://i5.walmartimages.com/dfw/4ff9c6c9-4bc7/k2-_25668113-4d03-493d-9bde-f9c5d6f689dc.v1.jpg?odnHeight=290&amp;odnWidth=290&amp;odnBg=FFFFFF" alt="" class="w-100 h-auto" width="290" height="290" style="width:;height:;max-width:290px"/><div class="w-100 tc"><span class="ma0 mid-gray lh-copy f5-l w_V_DM" style="height:">Guacamole Dip</span></div></a></div><div class="w_aoqv w_wRee w_EP2w w_myuK tc mt3 content-between flex-grow-0" role="listitem" id="GridColumn-2"><a link-identifier="1a992b75-064e-4ebf-bb2f-162837c86588" class="no-underline sans-serif flex flex-column items-center" href="/browse/food/specialty-cheese-charcuterie/976759_976789_6993020?povid=976759_hubspoke_4740967_BRUNCHuteriefaves_Cheese_Rweb_Jun_14"><img loading="lazy" srcset="https://i5.walmartimages.com/dfw/4ff9c6c9-3606/k2-_8621c6a1-4f65-4c77-a395-9a9b4e02d8db.v1.jpg?odnHeight=290&amp;odnWidth=290&amp;odnBg=FFFFFF 1x," src="https://i5.walmartimages.com/dfw/4ff9c6c9-3606/k2-_8621c6a1-4f65-4c77-a395-9a9b4e02d8db.v1.jpg?odnHeight=290&amp;odnWidth=290&amp;odnBg=FFFFFF" alt="" class="w-100 h-auto" width="290" height="290" style="width:;height:;max-width:290px"/><div class="w-100 tc"><span class="ma0 mid-gray lh-copy f5-l w_V_DM" style="height:">Cheese</span></div></a></div><div class="w_aoqv w_wRee w_EP2w w_myuK tc mt3 content-between flex-grow-0" role="listitem" id="GridColumn-3"><a link-identifier="9aacb3d2-ed31-4607-bd9d-14bd6566bfa9" class="no-underline sans-serif flex flex-column items-center" href="/browse/food/breakfast-breads/976759_976779_1044115?povid=976759_hubspoke_4740967_BRUNCHuteriefaves_Bagels_Rweb_Jun_14"><img loading="lazy" srcset="https://i5.walmartimages.com/dfw/4ff9c6c9-fca6/k2-_c63098f7-7765-48bb-a578-998b01f28345.v1.jpg?odnHeight=290&amp;odnWidth=290&amp;odnBg=FFFFFF 1x," src="https://i5.walmartimages.com/dfw/4ff9c6c9-fca6/k2-_c63098f7-7765-48bb-a578-998b01f28345.v1.jpg?odnHeight=290&amp;odnWidth=290&amp;odnBg=FFFFFF" alt="" class="w-100 h-auto" width="290" height="290" style="width:;height:;max-width:290px"/><div class="w-100 tc"><span class="ma0 mid-gray lh-copy f5-l w_V_DM" style="height:">Bagels</span></div></a></div></div></section></div> <div class="mv3 mv4-xl ml3 ml0-l bb b--near-white"><section><section><header class="flex justify-between mb3 mb2-m pr3 pr4-m pr0-xl items-baseline"><section style="flex:1"><div><div><div class="inline-flex "><h2 class="f4 f3-m lh-title ma0 ">Add the dips</h2></div></div></div></section></header><div class="flex flex-column justify-center relative" data-testid="horizontal-scroller-Product Carousel"><a link-identifier="horizontalScrollerPrevious" class="absolute dn z-5 bg-white br-100 pa0 pointer hidden-child br-100 nav-control left-1" aria-label="Previous slide for Product Carousel list" data-testid="horizontal-scroller-previous" role="button"><i class="ld ld-ChevronLeft" style="font-size:1.5rem;vertical-align:-0.25em;padding:12px;width:1.5rem;height:1.5rem;box-sizing:content-box"></i></a><ul style="display:grid;grid-auto-flow:column;scroll-snap-type:x mandatory;max-height:fit-content" class="list ma0 pl0 overflow-x-scroll hidesb hidesb-wk relative overflow-y-hidden carousel-peek-2 carousel-6-l carousel-3-m pr3-m" data-testid="carousel-container"><li class="flex flex-column items-center pa1 pr2 pb2" data-slide="0"><div role="group" data-item-id="482903957" class="sans-serif mid-gray relative flex flex-column w-100 h-100 hide-child-opacity" data-testid="product-tile-0" aria-label="Product"><a link-identifier="482903957" class="absolute w-100 h-100 z-1 hide-sibling-opacity" target="" href="/ip/Fresh-Cravings-Roasted-Red-Pepper-Hummus-Dip-10-oz-Plastic-Tub-Gluten-Free-Dairy-Free-2-Tbsp-32g/482903957?athcpid=482903957&amp;athpgid=AthenaContentPage_4740967&amp;athcgid=null&amp;athznid=ItemCarousel_bd9fa8c0-dc83-4575-b26d-e538e2183bf1_items&amp;athieid=v0&amp;athstid=CS020&amp;athguid=s-SwGJlwQKwJx4-cn3aD3PFfAgOp1Vtd9RFT&amp;athancid=null&amp;athena=true"><span class="w_iUH7"><h3>Fresh Cravings Roasted Red Pepper Hummus Dip, 10 oz. Plastic Tub, Gluten-Free, Dairy-Free, 2 Tbsp (32g)</h3></span></a><div class="h2 relative mv2"></div><div class="relative"><div class="relative overflow-hidden" style="max-width:226px;height:0;padding-bottom:min(226px, 100%);align-self:center;width:min(226px, 100%)"><img loading="lazy" srcset="https://i5.walmartimages.com/asr/9894cf47-3327-4ae4-b568-279466348762.1e045f37cf480e1daeec2cae75ed488d.jpeg?odnHeight=226&amp;odnWidth=226&amp;odnBg=FFFFFF 1x, https://i5.walmartimages.com/asr/9894cf47-3327-4ae4-b568-279466348762.1e045f37cf480e1daeec2cae75ed488d.jpeg?odnHeight=576&amp;odnWidth=576&amp;odnBg=FFFFFF 2x" src="https://i5.walmartimages.com/asr/9894cf47-3327-4ae4-b568-279466348762.1e045f37cf480e1daeec2cae75ed488d.jpeg?odnHeight=576&amp;odnWidth=576&amp;odnBg=FFFFFF" width="" height="" class="absolute top-0 left-0" data-testid="productTileImage" alt="Fresh Cravings Roasted Red Pepper Hummus Dip, 10 oz. Plastic Tub, Gluten-Free, Dairy-Free, 2 Tbsp (32g)"/></div><div class="z-2 absolute bottom--1"><div class="relative dib" data-id="482903957"><button class="w_hhLG w_8nsR w_jDfj pointer bn sans-serif b ph2 flex items-center justify-center w-auto shadow-1" type="button" data-pcss-hide="true" data-automation-id="add-to-cart" aria-label="Add to cart - Fresh Cravings Roasted Red Pepper Hummus Dip, 10 oz. Plastic Tub, Gluten-Free, Dairy-Free, 2 Tbsp (32g)"><i class="ld ld-Plus" style="font-size:1.5rem;vertical-align:-0.25em;width:1.5rem;height:1.5rem;box-sizing:content-box" title="add to cart"></i><span class="mr2">Add</span></button></div></div></div><div class="mt5 mb0" style="height:24px" data-testid="variant-482903957"></div><div data-automation-id="product-price" class="flex flex-wrap justify-start items-center lh-title mb1-m"><div class="mr1 mr2-xl b black lh-copy f5 f4-l" aria-hidden="true">$3.47</div><span class="w_iUH7">current price $3.47</span><div class="gray mr1 f7 f6-l">34.7 ¢/oz</div></div><span class=""><span class="w_V_DM" style="-webkit-line-clamp:3;padding-bottom:0em;margin-bottom:-0em"><span data-automation-id="product-title" class="normal dark-gray mb0 mt1 lh-title f6 f5-l">Fresh Cravings Roasted Red Pepper Hummus Dip, 10 oz. Plastic Tub, Gluten-Free, Dairy-Free, 2 Tbsp (32g)</span></span></span><div class="flex items-center mt2"><span class="black inline-flex mr1" data-testid="product-ratings" data-value="4.7"><i class="ld ld-StarFill" style="font-size:12px;vertical-align:-0.175em;width:12px;height:12px;box-sizing:content-box" aria-hidden="true"></i><i class="ld ld-StarFill" style="font-size:12px;vertical-align:-0.175em;width:12px;height:12px;box-sizing:content-box" aria-hidden="true"></i><i class="ld ld-StarFill" style="font-size:12px;vertical-align:-0.175em;width:12px;height:12px;box-sizing:content-box" aria-hidden="true"></i><i class="ld ld-StarFill" style="font-size:12px;vertical-align:-0.175em;width:12px;height:12px;box-sizing:content-box" aria-hidden="true"></i><i class="ld ld-StarHalf" style="font-size:12px;vertical-align:-0.175em;width:12px;height:12px;box-sizing:content-box" aria-hidden="true"></i></span><span class="sans-serif gray f7" aria-hidden="true" data-testid="product-reviews" data-value="2138">2138</span><span class="w_iUH7">4.7 out of 5 Stars. 2138 reviews</span></div><div></div><div class="mb2 mt2"><span class="w_iUH7">Available for Pickup or Delivery</span><span class="w_VbBP w_mFV6 w_I_19 w_3oNC w_AAn7 mr1 mt1 ph1" aria-hidden="true">Pickup</span><span class="w_VbBP w_mFV6 w_I_19 w_3oNC w_AAn7 mr1 mt1 ph1" aria-hidden="true">Delivery</span></div></div></li><li class="flex flex-column items-center pa1 pr2 pb2" data-slide="1"><div role="group" data-item-id="119583978" class="sans-serif mid-gray relative flex flex-column w-100 h-100 hide-child-opacity" data-testid="product-tile-1" aria-label="Product"><a link-identifier="119583978" class="absolute w-100 h-100 z-1 hide-sibling-opacity" target="" href="/ip/Mike-s-Hot-Honey-Honey-with-a-Kick-Sweetness-Heat-100-Pure-Honey-Shelf-Stable-Gluten-Free-Paleo-12-oz-Bottle/119583978?athcpid=119583978&amp;athpgid=AthenaContentPage_4740967&amp;athcgid=null&amp;athznid=ItemCarousel_bd9fa8c0-dc83-4575-b26d-e538e2183bf1_items&amp;athieid=v0&amp;athstid=CS020&amp;athguid=s-SwGJlwQKwJx4-cn3aD3PFfAgOp1Vtd9RFT&amp;athancid=null&amp;athena=true"><span class="w_iUH7"><h3>Mike&#39;s Hot Honey - Honey with a Kick, Sweetness &amp; Heat, 100% Pure Honey, Shelf-Stable, Gluten-Free &amp; Paleo, 12 oz Bottle</h3></span></a><div class="h2 relative mv2"></div><div class="relative"><div class="relative overflow-hidden" style="max-width:226px;height:0;padding-bottom:min(226px, 100%);align-self:center;width:min(226px, 100%)"><img loading="lazy" srcset="https://i5.walmartimages.com/asr/ce00985a-331b-4c30-9062-3ecf93ea6329.58c780c5b1391a7e06df41cfbb248f44.jpeg?odnHeight=226&amp;odnWidth=226&amp;odnBg=FFFFFF 1x, https://i5.walmartimages.com/asr/ce00985a-331b-4c30-9062-3ecf93ea6329.58c780c5b1391a7e06df41cfbb248f44.jpeg?odnHeight=576&amp;odnWidth=576&amp;odnBg=FFFFFF 2x" src="https://i5.walmartimages.com/asr/ce00985a-331b-4c30-9062-3ecf93ea6329.58c780c5b1391a7e06df41cfbb248f44.jpeg?odnHeight=576&amp;odnWidth=576&amp;odnBg=FFFFFF" width="" height="" class="absolute top-0 left-0" data-testid="productTileImage" alt="Mike&#39;s Hot Honey - Honey with a Kick, Sweetness &amp; Heat, 100% Pure Honey, Shelf-Stable, Gluten-Free &amp; Paleo, 12 oz Bottle"/></div><div class="z-2 absolute bottom--1"><div class="relative dib" data-id="119583978"><button class="w_hhLG w_8nsR w_jDfj pointer bn sans-serif b ph2 flex items-center justify-center w-auto shadow-1" type="button" data-pcss-hide="true" data-automation-id="add-to-cart" aria-label="Add to cart - Mike&#39;s Hot Honey - Honey with a Kick, Sweetness &amp; Heat, 100% Pure Honey, Shelf-Stable, Gluten-Free &amp; Paleo, 12 oz Bottle"><i class="ld ld-Plus" style="font-size:1.5rem;vertical-align:-0.25em;width:1.5rem;height:1.5rem;box-sizing:content-box" title="add to cart"></i><span class="mr2">Add</span></button></div></div></div><div class="mt5 mb0" style="height:24px" data-testid="variant-119583978"></div><div data-automation-id="product-price" class="flex flex-wrap justify-start items-center lh-title mb1-m"><div class="mr1 mr2-xl b black lh-copy f5 f4-l" aria-hidden="true">$9.47</div><span class="w_iUH7">current price $9.47</span><div class="gray mr1 f7 f6-l">78.9 ¢/oz</div></div><span class=""><span class="w_V_DM" style="-webkit-line-clamp:3;padding-bottom:0em;margin-bottom:-0em"><span data-automation-id="product-title" class="normal dark-gray mb0 mt1 lh-title f6 f5-l">Mike&#39;s Hot Honey - Honey with a Kick, Sweetness &amp; Heat, 100% Pure Honey, Shelf-Stable, Gluten-Free &amp; Paleo, 12 oz Bottle</span></span></span><div class="flex items-center mt2"><span class="black inline-flex mr1" data-testid="product-ratings" data-value="4.4"><i class="ld ld-StarFill" style="font-size:12px;vertical-align:-0.175em;width:12px;height:12px;box-sizing:content-box" aria-hidden="true"></i><i class="ld ld-StarFill" style="font-size:12px;vertical-align:-0.175em;width:12px;height:12px;box-sizing:content-box" aria-hidden="true"></i><i class="ld ld-StarFill" style="font-size:12px;vertical-align:-0.175em;width:12px;height:12px;box-sizing:content-box" aria-hidden="true"></i><i class="ld ld-StarFill" style="font-size:12px;vertical-align:-0.175em;width:12px;height:12px;box-sizing:content-box" aria-hidden="true"></i><i class="ld ld-StarHalf" style="font-size:12px;vertical-align:-0.175em;width:12px;height:12px;box-sizing:content-box" aria-hidden="true"></i></span><span class="sans-serif gray f7" aria-hidden="true" data-testid="product-reviews" data-value="155">155</span><span class="w_iUH7">4.4 out of 5 Stars. 155 reviews</span></div><div></div><div class="mb2 mt2"><span class="w_iUH7">Available for Pickup, Delivery or 1-day shipping</span><span class="w_VbBP w_mFV6 w_I_19 w_3oNC w_AAn7 mr1 mt1 ph1" aria-hidden="true">Pickup</span><span class="w_VbBP w_mFV6 w_I_19 w_3oNC w_AAn7 mr1 mt1 ph1" aria-hidden="true">Delivery</span><span class="w_VbBP w_mFV6 w_I_19 w_3oNC w_AAn7 mr1 mt1 ph1" aria-hidden="true">1-day shipping</span></div></div></li><li class="flex flex-column items-center pa1 pr2 pb2" data-slide="2"><div role="group" data-item-id="10308639" class="sans-serif mid-gray relative flex flex-column w-100 h-100 hide-child-opacity" data-testid="product-tile-2" aria-label="Product"><a link-identifier="10308639" class="absolute w-100 h-100 z-1 hide-sibling-opacity" target="" href="/ip/Marzetti-Cream-Cheese-Fruit-Dip-13-5-oz/10308639?athcpid=10308639&amp;athpgid=AthenaContentPage_4740967&amp;athcgid=null&amp;athznid=ItemCarousel_bd9fa8c0-dc83-4575-b26d-e538e2183bf1_items&amp;athieid=v0&amp;athstid=CS020&amp;athguid=s-SwGJlwQKwJx4-cn3aD3PFfAgOp1Vtd9RFT&amp;athancid=null&amp;athena=true&amp;athbdg=L1600"><span class="w_iUH7"><h3>Marzetti Cream Cheese Fruit Dip, 13.5 oz.</h3></span></a><div class="h2 relative mv2"><span class="w_VbBP w_mFV6 w_awtt w_3oNC w_3H8O tag-leading-badge absolute">Best seller</span></div><div class="relative"><div class="relative overflow-hidden" style="max-width:226px;height:0;padding-bottom:min(226px, 100%);align-self:center;width:min(226px, 100%)"><img loading="lazy" srcset="https://i5.walmartimages.com/asr/a43f3c24-daec-4ab1-a419-92188ca65bbb.bc84dd75c79313f270a21484a66660d7.jpeg?odnHeight=226&amp;odnWidth=226&amp;odnBg=FFFFFF 1x, https://i5.walmartimages.com/asr/a43f3c24-daec-4ab1-a419-92188ca65bbb.bc84dd75c79313f270a21484a66660d7.jpeg?odnHeight=576&amp;odnWidth=576&amp;odnBg=FFFFFF 2x" src="https://i5.walmartimages.com/asr/a43f3c24-daec-4ab1-a419-92188ca65bbb.bc84dd75c79313f270a21484a66660d7.jpeg?odnHeight=576&amp;odnWidth=576&amp;odnBg=FFFFFF" width="" height="" class="absolute top-0 left-0" data-testid="productTileImage" alt="Marzetti Cream Cheese Fruit Dip, 13.5 oz."/></div><div class="z-2 absolute bottom--1"><div class="relative dib" data-id="10308639"><button class="w_hhLG w_8nsR w_jDfj pointer bn sans-serif b ph2 flex items-center justify-center w-auto shadow-1" type="button" data-pcss-hide="true" data-automation-id="add-to-cart" aria-label="Add to cart - Marzetti Cream Cheese Fruit Dip, 13.5 oz."><i class="ld ld-Plus" style="font-size:1.5rem;vertical-align:-0.25em;width:1.5rem;height:1.5rem;box-sizing:content-box" title="add to cart"></i><span class="mr2">Add</span></button></div></div></div><div class="mt5 mb0" style="height:24px" data-testid="variant-10308639"></div><div data-automation-id="product-price" class="flex flex-wrap justify-start items-center lh-title mb1-m"><div class="mr1 mr2-xl b black lh-copy f5 f4-l" aria-hidden="true">$3.38</div><span class="w_iUH7">current price $3.38</span><div class="gray mr1 f7 f6-l">25.0 ¢/oz</div></div><span class=""><span class="w_V_DM" style="-webkit-line-clamp:3;padding-bottom:0em;margin-bottom:-0em"><span data-automation-id="product-title" class="normal dark-gray mb0 mt1 lh-title f6 f5-l">Marzetti Cream Cheese Fruit Dip, 13.5 oz.</span></span></span><div class="flex items-center mt2"><span class="black inline-flex mr1" data-testid="product-ratings" data-value="4.1"><i class="ld ld-StarFill" style="font-size:12px;vertical-align:-0.175em;width:12px;height:12px;box-sizing:content-box" aria-hidden="true"></i><i class="ld ld-StarFill" style="font-size:12px;vertical-align:-0.175em;width:12px;height:12px;box-sizing:content-box" aria-hidden="true"></i><i class="ld ld-StarFill" style="font-size:12px;vertical-align:-0.175em;width:12px;height:12px;box-sizing:content-box" aria-hidden="true"></i><i class="ld ld-StarFill" style="font-size:12px;vertical-align:-0.175em;width:12px;height:12px;box-sizing:content-box" aria-hidden="true"></i><i class="ld ld-Star" style="font-size:12px;vertical-align:-0.175em;width:12px;height:12px;box-sizing:content-box" aria-hidden="true"></i></span><span class="sans-serif gray f7" aria-hidden="true" data-testid="product-reviews" data-value="88">88</span><span class="w_iUH7">4.1 out of 5 Stars. 88 reviews</span></div><div></div><div class="mb2 mt2"><span class="w_iUH7">Available for Pickup or Delivery</span><span class="w_VbBP w_mFV6 w_I_19 w_3oNC w_AAn7 mr1 mt1 ph1" aria-hidden="true">Pickup</span><span class="w_VbBP w_mFV6 w_I_19 w_3oNC w_AAn7 mr1 mt1 ph1" aria-hidden="true">Delivery</span></div></div></li><li class="flex flex-column items-center pa1 pr2 pb2" data-slide="3"><div role="group" data-item-id="789505963" class="sans-serif mid-gray relative flex flex-column w-100 h-100 hide-child-opacity" data-testid="product-tile-3" aria-label="Product"><a link-identifier="789505963" class="absolute w-100 h-100 z-1 hide-sibling-opacity" target="" href="/ip/Fresh-Cravings-Classic-Hummus-Dip-10-oz-Recyclable-Plastic-Tub-Gluten-Free-2-Tbsp-32g/789505963?athcpid=789505963&amp;athpgid=AthenaContentPage_4740967&amp;athcgid=null&amp;athznid=ItemCarousel_bd9fa8c0-dc83-4575-b26d-e538e2183bf1_items&amp;athieid=v0&amp;athstid=CS020&amp;athguid=s-SwGJlwQKwJx4-cn3aD3PFfAgOp1Vtd9RFT&amp;athancid=null&amp;athena=true"><span class="w_iUH7"><h3>Fresh Cravings Classic Hummus Dip, 10 oz. Recyclable Plastic Tub, Gluten Free, 2 Tbsp (32g)</h3></span></a><div class="h2 relative mv2"></div><div class="relative"><div class="relative overflow-hidden" style="max-width:226px;height:0;padding-bottom:min(226px, 100%);align-self:center;width:min(226px, 100%)"><img loading="lazy" srcset="https://i5.walmartimages.com/asr/ea981ba2-2eeb-436f-8e11-f89df07be9b4.1aef25735dbd79944bb562cf6305da8a.jpeg?odnHeight=226&amp;odnWidth=226&amp;odnBg=FFFFFF 1x, https://i5.walmartimages.com/asr/ea981ba2-2eeb-436f-8e11-f89df07be9b4.1aef25735dbd79944bb562cf6305da8a.jpeg?odnHeight=576&amp;odnWidth=576&amp;odnBg=FFFFFF 2x" src="https://i5.walmartimages.com/asr/ea981ba2-2eeb-436f-8e11-f89df07be9b4.1aef25735dbd79944bb562cf6305da8a.jpeg?odnHeight=576&amp;odnWidth=576&amp;odnBg=FFFFFF" width="" height="" class="absolute top-0 left-0" data-testid="productTileImage" alt="Fresh Cravings Classic Hummus Dip, 10 oz. Recyclable Plastic Tub, Gluten Free, 2 Tbsp (32g)"/></div><div class="z-2 absolute bottom--1"><div class="relative dib" data-id="789505963"><button class="w_hhLG w_8nsR w_jDfj pointer bn sans-serif b ph2 flex items-center justify-center w-auto shadow-1" type="button" data-pcss-hide="true" data-automation-id="add-to-cart" aria-label="Add to cart - Fresh Cravings Classic Hummus Dip, 10 oz. Recyclable Plastic Tub, Gluten Free, 2 Tbsp (32g)"><i class="ld ld-Plus" style="font-size:1.5rem;vertical-align:-0.25em;width:1.5rem;height:1.5rem;box-sizing:content-box" title="add to cart"></i><span class="mr2">Add</span></button></div></div></div><div class="mt5 mb0" style="height:24px" data-testid="variant-789505963"></div><div data-automation-id="product-price" class="flex flex-wrap justify-start items-center lh-title mb1-m"><div class="mr1 mr2-xl b black lh-copy f5 f4-l" aria-hidden="true">$3.47</div><span class="w_iUH7">current price $3.47</span><div class="gray mr1 f7 f6-l">34.7 ¢/oz</div></div><span class=""><span class="w_V_DM" style="-webkit-line-clamp:3;padding-bottom:0em;margin-bottom:-0em"><span data-automation-id="product-title" class="normal dark-gray mb0 mt1 lh-title f6 f5-l">Fresh Cravings Classic Hummus Dip, 10 oz. Recyclable Plastic Tub, Gluten Free, 2 Tbsp (32g)</span></span></span><div class="flex items-center mt2"><span class="black inline-flex mr1" data-testid="product-ratings" data-value="4.6"><i class="ld ld-StarFill" style="font-size:12px;vertical-align:-0.175em;width:12px;height:12px;box-sizing:content-box" aria-hidden="true"></i><i class="ld ld-StarFill" style="font-size:12px;vertical-align:-0.175em;width:12px;height:12px;box-sizing:content-box" aria-hidden="true"></i><i class="ld ld-StarFill" style="font-size:12px;vertical-align:-0.175em;width:12px;height:12px;box-sizing:content-box" aria-hidden="true"></i><i class="ld ld-StarFill" style="font-size:12px;vertical-align:-0.175em;width:12px;height:12px;box-sizing:content-box" aria-hidden="true"></i><i class="ld ld-StarHalf" style="font-size:12px;vertical-align:-0.175em;width:12px;height:12px;box-sizing:content-box" aria-hidden="true"></i></span><span class="sans-serif gray f7" aria-hidden="true" data-testid="product-reviews" data-value="1529">1529</span><span class="w_iUH7">4.6 out of 5 Stars. 1529 reviews</span></div><div></div><div class="mb2 mt2"><span class="w_iUH7">Available for Pickup or Delivery</span><span class="w_VbBP w_mFV6 w_I_19 w_3oNC w_AAn7 mr1 mt1 ph1" aria-hidden="true">Pickup</span><span class="w_VbBP w_mFV6 w_I_19 w_3oNC w_AAn7 mr1 mt1 ph1" aria-hidden="true">Delivery</span></div></div></li><li class="flex flex-column items-center pa1 pr2 pb2" data-slide="4"><div role="group" data-item-id="198237279" class="sans-serif mid-gray relative flex flex-column w-100 h-100 hide-child-opacity" data-testid="product-tile-4" aria-label="Product"><a link-identifier="198237279" class="absolute w-100 h-100 z-1 hide-sibling-opacity" target="" href="/ip/Jamies-Hive-to-Table-100-Raw-Honey-Comb-Premium-Pure-Honey-16-oz-Bottle/198237279?athcpid=198237279&amp;athpgid=AthenaContentPage_4740967&amp;athcgid=null&amp;athznid=ItemCarousel_bd9fa8c0-dc83-4575-b26d-e538e2183bf1_items&amp;athieid=v0&amp;athstid=CS020&amp;athguid=s-SwGJlwQKwJx4-cn3aD3PFfAgOp1Vtd9RFT&amp;athancid=null&amp;athena=true"><span class="w_iUH7"><h3>Jamies Hive to Table 100% Raw Honey &amp; Comb, Premium, Pure Honey, 16 oz Bottle</h3></span></a><div class="h2 relative mv2"></div><div class="relative"><div class="relative overflow-hidden" style="max-width:226px;height:0;padding-bottom:min(226px, 100%);align-self:center;width:min(226px, 100%)"><img loading="lazy" srcset="https://i5.walmartimages.com/asr/0af3dd8e-c280-4afa-a0eb-84125092e06b.bacd955c41b9b13e95cda21ba844cc94.jpeg?odnHeight=226&amp;odnWidth=226&amp;odnBg=FFFFFF 1x, https://i5.walmartimages.com/asr/0af3dd8e-c280-4afa-a0eb-84125092e06b.bacd955c41b9b13e95cda21ba844cc94.jpeg?odnHeight=576&amp;odnWidth=576&amp;odnBg=FFFFFF 2x" src="https://i5.walmartimages.com/asr/0af3dd8e-c280-4afa-a0eb-84125092e06b.bacd955c41b9b13e95cda21ba844cc94.jpeg?odnHeight=576&amp;odnWidth=576&amp;odnBg=FFFFFF" width="" height="" class="absolute top-0 left-0" data-testid="productTileImage" alt="Jamies Hive to Table 100% Raw Honey &amp; Comb, Premium, Pure Honey, 16 oz Bottle"/></div><div class="z-2 absolute bottom--1"><div class="relative dib" data-id="198237279"><button class="w_hhLG w_8nsR w_jDfj pointer bn sans-serif b ph2 flex items-center justify-center w-auto shadow-1" type="button" data-pcss-hide="true" data-automation-id="add-to-cart" aria-label="Add to cart - Jamies Hive to Table 100% Raw Honey &amp; Comb, Premium, Pure Honey, 16 oz Bottle"><i class="ld ld-Plus" style="font-size:1.5rem;vertical-align:-0.25em;width:1.5rem;height:1.5rem;box-sizing:content-box" title="add to cart"></i><span class="mr2">Add</span></button></div></div></div><div class="mt5 mb0" style="height:24px" data-testid="variant-198237279"></div><div data-automation-id="product-price" class="flex flex-wrap justify-start items-center lh-title mb1-m"><div class="mr1 mr2-xl b black lh-copy f5 f4-l" aria-hidden="true">$9.97</div><span class="w_iUH7">current price $9.97</span><div class="gray mr1 f7 f6-l">62.3 ¢/oz</div></div><span class=""><span class="w_V_DM" style="-webkit-line-clamp:3;padding-bottom:0em;margin-bottom:-0em"><span data-automation-id="product-title" class="normal dark-gray mb0 mt1 lh-title f6 f5-l">Jamies Hive to Table 100% Raw Honey &amp; Comb, Premium, Pure Honey, 16 oz Bottle</span></span></span><div class="flex items-center mt2"><span class="black inline-flex mr1" data-testid="product-ratings" data-value="4.2"><i class="ld ld-StarFill" style="font-size:12px;vertical-align:-0.175em;width:12px;height:12px;box-sizing:content-box" aria-hidden="true"></i><i class="ld ld-StarFill" style="font-size:12px;vertical-align:-0.175em;width:12px;height:12px;box-sizing:content-box" aria-hidden="true"></i><i class="ld ld-StarFill" style="font-size:12px;vertical-align:-0.175em;width:12px;height:12px;box-sizing:content-box" aria-hidden="true"></i><i class="ld ld-StarFill" style="font-size:12px;vertical-align:-0.175em;width:12px;height:12px;box-sizing:content-box" aria-hidden="true"></i><i class="ld ld-Star" style="font-size:12px;vertical-align:-0.175em;width:12px;height:12px;box-sizing:content-box" aria-hidden="true"></i></span><span class="sans-serif gray f7" aria-hidden="true" data-testid="product-reviews" data-value="96">96</span><span class="w_iUH7">4.2 out of 5 Stars. 96 reviews</span></div><div></div><div class="mb2 mt2"><span class="w_iUH7">Available for Pickup, Delivery or 1-day shipping</span><span class="w_VbBP w_mFV6 w_I_19 w_3oNC w_AAn7 mr1 mt1 ph1" aria-hidden="true">Pickup</span><span class="w_VbBP w_mFV6 w_I_19 w_3oNC w_AAn7 mr1 mt1 ph1" aria-hidden="true">Delivery</span><span class="w_VbBP w_mFV6 w_I_19 w_3oNC w_AAn7 mr1 mt1 ph1" aria-hidden="true">1-day shipping</span></div></div></li><li class="flex flex-column items-center pa1 pr2 pb2" data-slide="5"><div role="group" data-item-id="37915367" class="sans-serif mid-gray relative flex flex-column w-100 h-100 hide-child-opacity" data-testid="product-tile-5" aria-label="Product"><a link-identifier="37915367" class="absolute w-100 h-100 z-1 hide-sibling-opacity" target="" href="/ip/Marketside-Premium-Heatable-Spinach-Artichoke-Dip-Small-Tub-16-oz-1-Count/37915367?athcpid=37915367&amp;athpgid=AthenaContentPage_4740967&amp;athcgid=null&amp;athznid=ItemCarousel_bd9fa8c0-dc83-4575-b26d-e538e2183bf1_items&amp;athieid=v0&amp;athstid=CS020&amp;athguid=s-SwGJlwQKwJx4-cn3aD3PFfAgOp1Vtd9RFT&amp;athancid=null&amp;athena=true&amp;athbdg=L1600"><span class="w_iUH7"><h3>Marketside Premium Heatable Spinach Artichoke Dip Small Tub (16 oz, 1 Count)</h3></span></a><div class="h2 relative mv2"><span class="w_VbBP w_mFV6 w_awtt w_3oNC w_3H8O tag-leading-badge absolute">Best seller</span></div><div class="relative"><div class="relative overflow-hidden" style="max-width:226px;height:0;padding-bottom:min(226px, 100%);align-self:center;width:min(226px, 100%)"><img loading="lazy" srcset="https://i5.walmartimages.com/asr/6a6978ed-82bc-4cee-ad4d-93160401d4a1.09744ac48acfc99eb0d291af0ad10476.jpeg?odnHeight=226&amp;odnWidth=226&amp;odnBg=FFFFFF 1x, https://i5.walmartimages.com/asr/6a6978ed-82bc-4cee-ad4d-93160401d4a1.09744ac48acfc99eb0d291af0ad10476.jpeg?odnHeight=576&amp;odnWidth=576&amp;odnBg=FFFFFF 2x" src="https://i5.walmartimages.com/asr/6a6978ed-82bc-4cee-ad4d-93160401d4a1.09744ac48acfc99eb0d291af0ad10476.jpeg?odnHeight=576&amp;odnWidth=576&amp;odnBg=FFFFFF" width="" height="" class="absolute top-0 left-0" data-testid="productTileImage" alt="Marketside Premium Heatable Spinach Artichoke Dip Small Tub (16 oz, 1 Count)"/></div><div class="z-2 absolute bottom--1"><div class="relative dib" data-id="37915367"><button class="w_hhLG w_8nsR w_jDfj pointer bn sans-serif b ph2 flex items-center justify-center w-auto shadow-1" type="button" data-pcss-hide="true" data-automation-id="add-to-cart" aria-label="Add to cart - Marketside Premium Heatable Spinach Artichoke Dip Small Tub (16 oz, 1 Count)"><i class="ld ld-Plus" style="font-size:1.5rem;vertical-align:-0.25em;width:1.5rem;height:1.5rem;box-sizing:content-box" title="add to cart"></i><span class="mr2">Add</span></button></div></div></div><div class="mt5 mb0" style="height:24px" data-testid="variant-37915367"></div><div data-automation-id="product-price" class="flex flex-wrap justify-start items-center lh-title mb1-m"><div class="mr1 mr2-xl b black lh-copy f5 f4-l" aria-hidden="true">$5.54</div><span class="w_iUH7">current price $5.54</span><div class="gray mr1 f7 f6-l">34.6 ¢/oz</div></div><span class=""><span class="w_V_DM" style="-webkit-line-clamp:3;padding-bottom:0em;margin-bottom:-0em"><span data-automation-id="product-title" class="normal dark-gray mb0 mt1 lh-title f6 f5-l">Marketside Premium Heatable Spinach Artichoke Dip Small Tub (16 oz, 1 Count)</span></span></span><div class="flex items-center mt2"><span class="black inline-flex mr1" data-testid="product-ratings" data-value="3.7"><i class="ld ld-StarFill" style="font-size:12px;vertical-align:-0.175em;width:12px;height:12px;box-sizing:content-box" aria-hidden="true"></i><i class="ld ld-StarFill" style="font-size:12px;vertical-align:-0.175em;width:12px;height:12px;box-sizing:content-box" aria-hidden="true"></i><i class="ld ld-StarFill" style="font-size:12px;vertical-align:-0.175em;width:12px;height:12px;box-sizing:content-box" aria-hidden="true"></i><i class="ld ld-StarHalf" style="font-size:12px;vertical-align:-0.175em;width:12px;height:12px;box-sizing:content-box" aria-hidden="true"></i><i class="ld ld-Star" style="font-size:12px;vertical-align:-0.175em;width:12px;height:12px;box-sizing:content-box" aria-hidden="true"></i></span><span class="sans-serif gray f7" aria-hidden="true" data-testid="product-reviews" data-value="299">299</span><span class="w_iUH7">3.7 out of 5 Stars. 299 reviews</span></div><div></div><div class="mb2 mt2"><span class="w_iUH7">Available for Pickup or Delivery</span><span class="w_VbBP w_mFV6 w_I_19 w_3oNC w_AAn7 mr1 mt1 ph1" aria-hidden="true">Pickup</span><span class="w_VbBP w_mFV6 w_I_19 w_3oNC w_AAn7 mr1 mt1 ph1" aria-hidden="true">Delivery</span></div></div></li><li class="flex flex-column items-center pa1 pr2 pb2" data-slide="6"><div role="group" data-item-id="105455228" class="sans-serif mid-gray relative flex flex-column w-100 h-100 hide-child-opacity" data-testid="product-tile-6" aria-label="Product"><a link-identifier="105455228" class="absolute w-100 h-100 z-1 hide-sibling-opacity" target="" href="/ip/Marketside-Gluten-Free-Roasted-Garlic-Hummus-10-oz-Ready-to-Eat-Resealable-Cup-2-Tbsp-Serving/105455228?athcpid=105455228&amp;athpgid=AthenaContentPage_4740967&amp;athcgid=null&amp;athznid=ItemCarousel_bd9fa8c0-dc83-4575-b26d-e538e2183bf1_items&amp;athieid=v0&amp;athstid=CS020&amp;athguid=s-SwGJlwQKwJx4-cn3aD3PFfAgOp1Vtd9RFT&amp;athancid=null&amp;athena=true&amp;athbdg=L1600"><span class="w_iUH7"><h3>Marketside Gluten-Free Roasted Garlic Hummus 10 oz, Ready to Eat, Resealable Cup, 2 Tbsp. Serving</h3></span></a><div class="h2 relative mv2"><span class="w_VbBP w_mFV6 w_awtt w_3oNC w_3H8O tag-leading-badge absolute">Best seller</span></div><div class="relative"><div class="relative overflow-hidden" style="max-width:226px;height:0;padding-bottom:min(226px, 100%);align-self:center;width:min(226px, 100%)"><img loading="lazy" srcset="https://i5.walmartimages.com/asr/966fe29d-71e0-47ec-8245-4b48793865c9.3a5dca776b9ae804f301ca477613eaa5.jpeg?odnHeight=226&amp;odnWidth=226&amp;odnBg=FFFFFF 1x, https://i5.walmartimages.com/asr/966fe29d-71e0-47ec-8245-4b48793865c9.3a5dca776b9ae804f301ca477613eaa5.jpeg?odnHeight=576&amp;odnWidth=576&amp;odnBg=FFFFFF 2x" src="https://i5.walmartimages.com/asr/966fe29d-71e0-47ec-8245-4b48793865c9.3a5dca776b9ae804f301ca477613eaa5.jpeg?odnHeight=576&amp;odnWidth=576&amp;odnBg=FFFFFF" width="" height="" class="absolute top-0 left-0" data-testid="productTileImage" alt="Marketside Gluten-Free Roasted Garlic Hummus 10 oz, Ready to Eat, Resealable Cup, 2 Tbsp. Serving"/></div><div class="z-2 absolute bottom--1"><div class="relative dib" data-id="105455228"><button class="w_hhLG w_8nsR w_jDfj pointer bn sans-serif b ph2 flex items-center justify-center w-auto shadow-1" type="button" data-pcss-hide="true" data-automation-id="add-to-cart" aria-label="Add to cart - Marketside Gluten-Free Roasted Garlic Hummus 10 oz, Ready to Eat, Resealable Cup, 2 Tbsp. Serving"><i class="ld ld-Plus" style="font-size:1.5rem;vertical-align:-0.25em;width:1.5rem;height:1.5rem;box-sizing:content-box" title="add to cart"></i><span class="mr2">Add</span></button></div></div></div><div class="mt5 mb0" style="height:24px" data-testid="variant-105455228"></div><div data-automation-id="product-price" class="flex flex-wrap justify-start items-center lh-title mb1-m"><div class="mr1 mr2-xl b black lh-copy f5 f4-l" aria-hidden="true">$2.87</div><span class="w_iUH7">current price $2.87</span><div class="gray mr1 f7 f6-l">28.7 ¢/oz</div></div><span class=""><span class="w_V_DM" style="-webkit-line-clamp:3;padding-bottom:0em;margin-bottom:-0em"><span data-automation-id="product-title" class="normal dark-gray mb0 mt1 lh-title f6 f5-l">Marketside Gluten-Free Roasted Garlic Hummus 10 oz, Ready to Eat, Resealable Cup, 2 Tbsp. Serving</span></span></span><div class="flex items-center mt2"><span class="black inline-flex mr1" data-testid="product-ratings" data-value="3.9"><i class="ld ld-StarFill" style="font-size:12px;vertical-align:-0.175em;width:12px;height:12px;box-sizing:content-box" aria-hidden="true"></i><i class="ld ld-StarFill" style="font-size:12px;vertical-align:-0.175em;width:12px;height:12px;box-sizing:content-box" aria-hidden="true"></i><i class="ld ld-StarFill" style="font-size:12px;vertical-align:-0.175em;width:12px;height:12px;box-sizing:content-box" aria-hidden="true"></i><i class="ld ld-StarFill" style="font-size:12px;vertical-align:-0.175em;width:12px;height:12px;box-sizing:content-box" aria-hidden="true"></i><i class="ld ld-Star" style="font-size:12px;vertical-align:-0.175em;width:12px;height:12px;box-sizing:content-box" aria-hidden="true"></i></span><span class="sans-serif gray f7" aria-hidden="true" data-testid="product-reviews" data-value="142">142</span><span class="w_iUH7">3.9 out of 5 Stars. 142 reviews</span></div><div></div><div class="mb2 mt2"><span class="w_iUH7">Available for Pickup or Delivery</span><span class="w_VbBP w_mFV6 w_I_19 w_3oNC w_AAn7 mr1 mt1 ph1" aria-hidden="true">Pickup</span><span class="w_VbBP w_mFV6 w_I_19 w_3oNC w_AAn7 mr1 mt1 ph1" aria-hidden="true">Delivery</span></div></div></li><li class="flex flex-column items-center pa1 pr2 pb2" data-slide="7"><div role="group" data-item-id="928930436" class="sans-serif mid-gray relative flex flex-column w-100 h-100 hide-child-opacity" data-testid="product-tile-7" aria-label="Product"><a link-identifier="928930436" class="absolute w-100 h-100 z-1 hide-sibling-opacity" target="" href="/ip/Fischer-and-Wieser-Whole-Lemon-Fig-Marmalade-10-9oz/928930436?athcpid=928930436&amp;athpgid=AthenaContentPage_4740967&amp;athcgid=null&amp;athznid=ItemCarousel_bd9fa8c0-dc83-4575-b26d-e538e2183bf1_items&amp;athieid=v0&amp;athstid=CS020&amp;athguid=s-SwGJlwQKwJx4-cn3aD3PFfAgOp1Vtd9RFT&amp;athancid=null&amp;athena=true"><span class="w_iUH7"><h3>Fischer and Wieser Whole Lemon Fig Marmalade 10.9oz</h3></span></a><div class="h2 relative mv2"></div><div class="relative"><div class="relative overflow-hidden" style="max-width:226px;height:0;padding-bottom:min(226px, 100%);align-self:center;width:min(226px, 100%)"><img loading="lazy" srcset="https://i5.walmartimages.com/asr/27855947-e38b-40a6-8729-bc758906a6ef.5f395f7c79f3a7680de2808c380ecbbc.jpeg?odnHeight=226&amp;odnWidth=226&amp;odnBg=FFFFFF 1x, https://i5.walmartimages.com/asr/27855947-e38b-40a6-8729-bc758906a6ef.5f395f7c79f3a7680de2808c380ecbbc.jpeg?odnHeight=576&amp;odnWidth=576&amp;odnBg=FFFFFF 2x" src="https://i5.walmartimages.com/asr/27855947-e38b-40a6-8729-bc758906a6ef.5f395f7c79f3a7680de2808c380ecbbc.jpeg?odnHeight=576&amp;odnWidth=576&amp;odnBg=FFFFFF" width="" height="" class="absolute top-0 left-0" data-testid="productTileImage" alt="Fischer and Wieser Whole Lemon Fig Marmalade 10.9oz"/></div><div class="z-2 absolute bottom--1"><div class="relative dib" data-id="928930436"><button class="w_hhLG w_8nsR w_jDfj pointer bn sans-serif b ph2 flex items-center justify-center w-auto shadow-1" type="button" data-pcss-hide="true" data-automation-id="add-to-cart" aria-label="Add to cart - Fischer and Wieser Whole Lemon Fig Marmalade 10.9oz"><i class="ld ld-Plus" style="font-size:1.5rem;vertical-align:-0.25em;width:1.5rem;height:1.5rem;box-sizing:content-box" title="add to cart"></i><span class="mr2">Add</span></button></div></div></div><div class="mt5 mb0" style="height:24px" data-testid="variant-928930436"></div><div data-automation-id="product-price" class="flex flex-wrap justify-start items-center lh-title mb1-m"><div class="mr1 mr2-xl b black lh-copy f5 f4-l" aria-hidden="true">$4.56</div><span class="w_iUH7">current price $4.56</span><div class="gray mr1 f7 f6-l">41.8 ¢/oz</div></div><span class=""><span class="w_V_DM" style="-webkit-line-clamp:3;padding-bottom:0em;margin-bottom:-0em"><span data-automation-id="product-title" class="normal dark-gray mb0 mt1 lh-title f6 f5-l">Fischer and Wieser Whole Lemon Fig Marmalade 10.9oz</span></span></span><div class="flex items-center mt2"><span class="black inline-flex mr1" data-testid="product-ratings" data-value="4.9"><i class="ld ld-StarFill" style="font-size:12px;vertical-align:-0.175em;width:12px;height:12px;box-sizing:content-box" aria-hidden="true"></i><i class="ld ld-StarFill" style="font-size:12px;vertical-align:-0.175em;width:12px;height:12px;box-sizing:content-box" aria-hidden="true"></i><i class="ld ld-StarFill" style="font-size:12px;vertical-align:-0.175em;width:12px;height:12px;box-sizing:content-box" aria-hidden="true"></i><i class="ld ld-StarFill" style="font-size:12px;vertical-align:-0.175em;width:12px;height:12px;box-sizing:content-box" aria-hidden="true"></i><i class="ld ld-StarFill" style="font-size:12px;vertical-align:-0.175em;width:12px;height:12px;box-sizing:content-box" aria-hidden="true"></i></span><span class="sans-serif gray f7" aria-hidden="true" data-testid="product-reviews" data-value="14">14</span><span class="w_iUH7">4.9 out of 5 Stars. 14 reviews</span></div><div></div><div class="mb2 mt2"><span class="w_iUH7">Available for Pickup or Delivery</span><span class="w_VbBP w_mFV6 w_I_19 w_3oNC w_AAn7 mr1 mt1 ph1" aria-hidden="true">Pickup</span><span class="w_VbBP w_mFV6 w_I_19 w_3oNC w_AAn7 mr1 mt1 ph1" aria-hidden="true">Delivery</span></div></div></li><li class="flex flex-column items-center pa1 pr2 pb2" data-slide="8"><div role="group" data-item-id="19500170" class="sans-serif mid-gray relative flex flex-column w-100 h-100 hide-child-opacity" data-testid="product-tile-8" aria-label="Product"><a link-identifier="19500170" class="absolute w-100 h-100 z-1 hide-sibling-opacity" target="" href="/ip/Dolci-Frutta-Hard-Chocolate-Shell-8-oz/19500170?athcpid=19500170&amp;athpgid=AthenaContentPage_4740967&amp;athcgid=null&amp;athznid=ItemCarousel_bd9fa8c0-dc83-4575-b26d-e538e2183bf1_items&amp;athieid=v0&amp;athstid=CS020&amp;athguid=s-SwGJlwQKwJx4-cn3aD3PFfAgOp1Vtd9RFT&amp;athancid=null&amp;athena=true"><span class="w_iUH7"><h3>Dolci Frutta, Hard Chocolate Shell, 8 oz.</h3></span></a><div class="h2 relative mv2"></div><div class="relative"><div class="relative overflow-hidden" style="max-width:226px;height:0;padding-bottom:min(226px, 100%);align-self:center;width:min(226px, 100%)"><img loading="lazy" srcset="https://i5.walmartimages.com/asr/448f6063-8946-4b5e-a097-c31780975530.7e8dfbbba9287d1c1ab67405b2312d22.jpeg?odnHeight=226&amp;odnWidth=226&amp;odnBg=FFFFFF 1x, https://i5.walmartimages.com/asr/448f6063-8946-4b5e-a097-c31780975530.7e8dfbbba9287d1c1ab67405b2312d22.jpeg?odnHeight=576&amp;odnWidth=576&amp;odnBg=FFFFFF 2x" src="https://i5.walmartimages.com/asr/448f6063-8946-4b5e-a097-c31780975530.7e8dfbbba9287d1c1ab67405b2312d22.jpeg?odnHeight=576&amp;odnWidth=576&amp;odnBg=FFFFFF" width="" height="" class="absolute top-0 left-0" data-testid="productTileImage" alt="Dolci Frutta, Hard Chocolate Shell, 8 oz."/></div><div class="z-2 absolute bottom--1"><div class="relative dib" data-id="19500170"><button class="w_hhLG w_8nsR w_jDfj pointer bn sans-serif b ph2 flex items-center justify-center w-auto shadow-1" type="button" data-pcss-hide="true" data-automation-id="add-to-cart" aria-label="Add to cart - Dolci Frutta, Hard Chocolate Shell, 8 oz."><i class="ld ld-Plus" style="font-size:1.5rem;vertical-align:-0.25em;width:1.5rem;height:1.5rem;box-sizing:content-box" title="add to cart"></i><span class="mr2">Add</span></button></div></div></div><div class="mt5 mb0" style="height:24px" data-testid="variant-19500170"></div><div data-automation-id="product-price" class="flex flex-wrap justify-start items-center lh-title mb1-m"><div class="mr1 mr2-xl b black lh-copy f5 f4-l" aria-hidden="true">$3.48</div><span class="w_iUH7">current price $3.48</span><div class="gray mr1 f7 f6-l">43.5 ¢/oz</div></div><span class=""><span class="w_V_DM" style="-webkit-line-clamp:3;padding-bottom:0em;margin-bottom:-0em"><span data-automation-id="product-title" class="normal dark-gray mb0 mt1 lh-title f6 f5-l">Dolci Frutta, Hard Chocolate Shell, 8 oz.</span></span></span><div class="flex items-center mt2"><span class="black inline-flex mr1" data-testid="product-ratings" data-value="4"><i class="ld ld-StarFill" style="font-size:12px;vertical-align:-0.175em;width:12px;height:12px;box-sizing:content-box" aria-hidden="true"></i><i class="ld ld-StarFill" style="font-size:12px;vertical-align:-0.175em;width:12px;height:12px;box-sizing:content-box" aria-hidden="true"></i><i class="ld ld-StarFill" style="font-size:12px;vertical-align:-0.175em;width:12px;height:12px;box-sizing:content-box" aria-hidden="true"></i><i class="ld ld-StarFill" style="font-size:12px;vertical-align:-0.175em;width:12px;height:12px;box-sizing:content-box" aria-hidden="true"></i><i class="ld ld-Star" style="font-size:12px;vertical-align:-0.175em;width:12px;height:12px;box-sizing:content-box" aria-hidden="true"></i></span><span class="sans-serif gray f7" aria-hidden="true" data-testid="product-reviews" data-value="25">25</span><span class="w_iUH7">4 out of 5 Stars. 25 reviews</span></div><div></div><div class="mb2 mt2"><span class="w_iUH7">Available for Pickup or Delivery</span><span class="w_VbBP w_mFV6 w_I_19 w_3oNC w_AAn7 mr1 mt1 ph1" aria-hidden="true">Pickup</span><span class="w_VbBP w_mFV6 w_I_19 w_3oNC w_AAn7 mr1 mt1 ph1" aria-hidden="true">Delivery</span></div></div></li><li class="flex flex-column items-center pa1 pr2 pb2" data-slide="9"><div role="group" data-item-id="19758035" class="sans-serif mid-gray relative flex flex-column w-100 h-100 hide-child-opacity" data-testid="product-tile-9" aria-label="Product"><a link-identifier="19758035" class="absolute w-100 h-100 z-1 hide-sibling-opacity" target="" href="/ip/Italian-Rose-Gluten-Free-Garlic-Spread-4-oz/19758035?athcpid=19758035&amp;athpgid=AthenaContentPage_4740967&amp;athcgid=null&amp;athznid=ItemCarousel_bd9fa8c0-dc83-4575-b26d-e538e2183bf1_items&amp;athieid=v0&amp;athstid=CS020&amp;athguid=s-SwGJlwQKwJx4-cn3aD3PFfAgOp1Vtd9RFT&amp;athancid=null&amp;athena=true&amp;athbdg=L1600"><span class="w_iUH7"><h3>Italian Rose Gluten-Free Garlic Spread, 4 oz</h3></span></a><div class="h2 relative mv2"><span class="w_VbBP w_mFV6 w_awtt w_3oNC w_3H8O tag-leading-badge absolute">Best seller</span></div><div class="relative"><div class="relative overflow-hidden" style="max-width:226px;height:0;padding-bottom:min(226px, 100%);align-self:center;width:min(226px, 100%)"><img loading="lazy" srcset="https://i5.walmartimages.com/asr/8e0e4cc4-73de-4508-8d2d-643f1369b92d.3f38aa3c08bdc4434cd63fa90cf2b8fd.jpeg?odnHeight=226&amp;odnWidth=226&amp;odnBg=FFFFFF 1x, https://i5.walmartimages.com/asr/8e0e4cc4-73de-4508-8d2d-643f1369b92d.3f38aa3c08bdc4434cd63fa90cf2b8fd.jpeg?odnHeight=576&amp;odnWidth=576&amp;odnBg=FFFFFF 2x" src="https://i5.walmartimages.com/asr/8e0e4cc4-73de-4508-8d2d-643f1369b92d.3f38aa3c08bdc4434cd63fa90cf2b8fd.jpeg?odnHeight=576&amp;odnWidth=576&amp;odnBg=FFFFFF" width="" height="" class="absolute top-0 left-0" data-testid="productTileImage" alt="Italian Rose Gluten-Free Garlic Spread, 4 oz"/></div><div class="z-2 absolute bottom--1"><div class="relative dib" data-id="19758035"><button class="w_hhLG w_8nsR w_jDfj pointer bn sans-serif b ph2 flex items-center justify-center w-auto shadow-1" type="button" data-pcss-hide="true" data-automation-id="add-to-cart" aria-label="Add to cart - Italian Rose Gluten-Free Garlic Spread, 4 oz"><i class="ld ld-Plus" style="font-size:1.5rem;vertical-align:-0.25em;width:1.5rem;height:1.5rem;box-sizing:content-box" title="add to cart"></i><span class="mr2">Add</span></button></div></div></div><div class="mt5 mb0" style="height:24px" data-testid="variant-19758035"></div><div data-automation-id="product-price" class="flex flex-wrap justify-start items-center lh-title mb1-m"><div class="mr1 mr2-xl b black lh-copy f5 f4-l" aria-hidden="true">$2.54</div><span class="w_iUH7">current price $2.54</span><div class="gray mr1 f7 f6-l">63.5 ¢/oz</div></div><span class=""><span class="w_V_DM" style="-webkit-line-clamp:3;padding-bottom:0em;margin-bottom:-0em"><span data-automation-id="product-title" class="normal dark-gray mb0 mt1 lh-title f6 f5-l">Italian Rose Gluten-Free Garlic Spread, 4 oz</span></span></span><div class="flex items-center mt2"><span class="black inline-flex mr1" data-testid="product-ratings" data-value="4.2"><i class="ld ld-StarFill" style="font-size:12px;vertical-align:-0.175em;width:12px;height:12px;box-sizing:content-box" aria-hidden="true"></i><i class="ld ld-StarFill" style="font-size:12px;vertical-align:-0.175em;width:12px;height:12px;box-sizing:content-box" aria-hidden="true"></i><i class="ld ld-StarFill" style="font-size:12px;vertical-align:-0.175em;width:12px;height:12px;box-sizing:content-box" aria-hidden="true"></i><i class="ld ld-StarFill" style="font-size:12px;vertical-align:-0.175em;width:12px;height:12px;box-sizing:content-box" aria-hidden="true"></i><i class="ld ld-Star" style="font-size:12px;vertical-align:-0.175em;width:12px;height:12px;box-sizing:content-box" aria-hidden="true"></i></span><span class="sans-serif gray f7" aria-hidden="true" data-testid="product-reviews" data-value="90">90</span><span class="w_iUH7">4.2 out of 5 Stars. 90 reviews</span></div><div></div><div class="mb2 mt2"><span class="w_iUH7">Available for Pickup or Delivery</span><span class="w_VbBP w_mFV6 w_I_19 w_3oNC w_AAn7 mr1 mt1 ph1" aria-hidden="true">Pickup</span><span class="w_VbBP w_mFV6 w_I_19 w_3oNC w_AAn7 mr1 mt1 ph1" aria-hidden="true">Delivery</span></div></div></li><li class="flex flex-column items-center pa1 pr2 pb2" data-slide="10"><div role="group" data-item-id="534160572" class="sans-serif mid-gray relative flex flex-column w-100 h-100 hide-child-opacity" data-testid="product-tile-10" aria-label="Product"><a link-identifier="534160572" class="absolute w-100 h-100 z-1 hide-sibling-opacity" target="" href="/ip/Great-Value-Raw-Honey-32-oz-Plastic-Inverted-Bottle/534160572?athcpid=534160572&amp;athpgid=AthenaContentPage_4740967&amp;athcgid=null&amp;athznid=ItemCarousel_bd9fa8c0-dc83-4575-b26d-e538e2183bf1_items&amp;athieid=v0&amp;athstid=CS020&amp;athguid=s-SwGJlwQKwJx4-cn3aD3PFfAgOp1Vtd9RFT&amp;athancid=null&amp;athena=true"><span class="w_iUH7"><h3>Great Value Raw Honey, 32 oz Plastic Inverted Bottle</h3></span></a><div class="h2 relative mv2"></div><div class="relative"><div class="relative overflow-hidden" style="max-width:226px;height:0;padding-bottom:min(226px, 100%);align-self:center;width:min(226px, 100%)"><img loading="lazy" srcset="https://i5.walmartimages.com/seo/Great-Value-Raw-Honey-32-oz-Plastic-Inverted-Bottle_a81cfb11-7f89-43e1-acf2-87a07a621391.d74b21b9999b317ea293d014282ec16e.jpeg?odnHeight=226&amp;odnWidth=226&amp;odnBg=FFFFFF 1x, https://i5.walmartimages.com/seo/Great-Value-Raw-Honey-32-oz-Plastic-Inverted-Bottle_a81cfb11-7f89-43e1-acf2-87a07a621391.d74b21b9999b317ea293d014282ec16e.jpeg?odnHeight=576&amp;odnWidth=576&amp;odnBg=FFFFFF 2x" src="https://i5.walmartimages.com/seo/Great-Value-Raw-Honey-32-oz-Plastic-Inverted-Bottle_a81cfb11-7f89-43e1-acf2-87a07a621391.d74b21b9999b317ea293d014282ec16e.jpeg?odnHeight=576&amp;odnWidth=576&amp;odnBg=FFFFFF" width="" height="" class="absolute top-0 left-0" data-testid="productTileImage" alt="Great Value Raw Honey, 32 oz Plastic Inverted Bottle"/></div><div class="z-2 absolute bottom--1"><div class="relative dib" data-id="534160572"><button class="w_hhLG w_8nsR w_jDfj pointer bn sans-serif b ph2 flex items-center justify-center w-auto shadow-1" type="button" data-pcss-hide="true" data-automation-id="add-to-cart" aria-label="Add to cart - Great Value Raw Honey, 32 oz Plastic Inverted Bottle"><i class="ld ld-Plus" style="font-size:1.5rem;vertical-align:-0.25em;width:1.5rem;height:1.5rem;box-sizing:content-box" title="add to cart"></i><span class="mr2">Add</span></button></div></div></div><div class="mt5 mb0" style="height:24px" data-testid="variant-534160572"><div class="f7 lh-solid tc h1 v-mid"><div aria-hidden="true" aria-labelledby="variants-534160572">+2 options</div><span class="w_iUH7" id="variants-534160572">Available in additional 2 options</span></div></div><div data-automation-id="product-price" class="flex flex-wrap justify-start items-center lh-title mb1-m"><div class="mr1 mr2-xl b black lh-copy f5 f4-l" aria-hidden="true">$10.97</div><span class="w_iUH7">current price $10.97</span><div class="gray mr1 f7 f6-l">34.3 ¢/oz</div></div><span class=""><span class="w_V_DM" style="-webkit-line-clamp:3;padding-bottom:0em;margin-bottom:-0em"><span data-automation-id="product-title" class="normal dark-gray mb0 mt1 lh-title f6 f5-l">Great Value Raw Honey, 32 oz Plastic Inverted Bottle</span></span></span><div class="flex items-center mt2"><span class="black inline-flex mr1" data-testid="product-ratings" data-value="4.7"><i class="ld ld-StarFill" style="font-size:12px;vertical-align:-0.175em;width:12px;height:12px;box-sizing:content-box" aria-hidden="true"></i><i class="ld ld-StarFill" style="font-size:12px;vertical-align:-0.175em;width:12px;height:12px;box-sizing:content-box" aria-hidden="true"></i><i class="ld ld-StarFill" style="font-size:12px;vertical-align:-0.175em;width:12px;height:12px;box-sizing:content-box" aria-hidden="true"></i><i class="ld ld-StarFill" style="font-size:12px;vertical-align:-0.175em;width:12px;height:12px;box-sizing:content-box" aria-hidden="true"></i><i class="ld ld-StarHalf" style="font-size:12px;vertical-align:-0.175em;width:12px;height:12px;box-sizing:content-box" aria-hidden="true"></i></span><span class="sans-serif gray f7" aria-hidden="true" data-testid="product-reviews" data-value="1025">1025</span><span class="w_iUH7">4.7 out of 5 Stars. 1025 reviews</span></div><div></div><div class="mb2 mt2"><span class="w_iUH7">Available for 1-day shipping</span><span class="w_VbBP w_mFV6 w_I_19 w_3oNC w_AAn7 mr1 mt1 ph1" aria-hidden="true">1-day shipping</span></div></div></li><li class="flex flex-column items-center pa1 pr2 pb2" data-slide="11"><div role="group" data-item-id="19857695" class="sans-serif mid-gray relative flex flex-column w-100 h-100 hide-child-opacity" data-testid="product-tile-11" aria-label="Product"><a link-identifier="19857695" class="absolute w-100 h-100 z-1 hide-sibling-opacity" target="" href="/ip/Biscoff-Cookie-Butter-Lotus-Creamy-Nut-Free-Spread-14-1-oz-Jar/19857695?athcpid=19857695&amp;athpgid=AthenaContentPage_4740967&amp;athcgid=null&amp;athznid=ItemCarousel_bd9fa8c0-dc83-4575-b26d-e538e2183bf1_items&amp;athieid=v0&amp;athstid=CS020&amp;athguid=s-SwGJlwQKwJx4-cn3aD3PFfAgOp1Vtd9RFT&amp;athancid=null&amp;athena=true"><span class="w_iUH7"><h3>Biscoff Cookie Butter, Lotus Creamy Nut-Free Spread, 14.1 oz Jar</h3></span></a><div class="h2 relative mv2"></div><div class="relative"><div class="relative overflow-hidden" style="max-width:226px;height:0;padding-bottom:min(226px, 100%);align-self:center;width:min(226px, 100%)"><img loading="lazy" srcset="https://i5.walmartimages.com/asr/f9850443-8dfa-4340-bcad-074ed89aad8d.cd91f5bf234d62fd4e3f7f3b40b60601.png?odnHeight=226&amp;odnWidth=226&amp;odnBg=FFFFFF 1x, https://i5.walmartimages.com/asr/f9850443-8dfa-4340-bcad-074ed89aad8d.cd91f5bf234d62fd4e3f7f3b40b60601.png?odnHeight=576&amp;odnWidth=576&amp;odnBg=FFFFFF 2x" src="https://i5.walmartimages.com/asr/f9850443-8dfa-4340-bcad-074ed89aad8d.cd91f5bf234d62fd4e3f7f3b40b60601.png?odnHeight=576&amp;odnWidth=576&amp;odnBg=FFFFFF" width="" height="" class="absolute top-0 left-0" data-testid="productTileImage" alt="Biscoff Cookie Butter, Lotus Creamy Nut-Free Spread, 14.1 oz Jar"/></div><div class="z-2 absolute bottom--1"><div class="relative dib" data-id="19857695"><button class="w_hhLG w_8nsR w_jDfj pointer bn sans-serif b ph2 flex items-center justify-center w-auto shadow-1" type="button" data-pcss-hide="true" data-automation-id="add-to-cart" aria-label="Add to cart - Biscoff Cookie Butter, Lotus Creamy Nut-Free Spread, 14.1 oz Jar"><i class="ld ld-Plus" style="font-size:1.5rem;vertical-align:-0.25em;width:1.5rem;height:1.5rem;box-sizing:content-box" title="add to cart"></i><span class="mr2">Add</span></button></div></div></div><div class="mt5 mb0" style="height:24px" data-testid="variant-19857695"></div><div data-automation-id="product-price" class="flex flex-wrap justify-start items-center lh-title mb1-m"><div class="mr1 mr2-xl b black lh-copy f5 f4-l" aria-hidden="true">$5.96</div><span class="w_iUH7">current price $5.96</span><div class="gray mr1 f7 f6-l">42.3 ¢/oz</div></div><span class=""><span class="w_V_DM" style="-webkit-line-clamp:3;padding-bottom:0em;margin-bottom:-0em"><span data-automation-id="product-title" class="normal dark-gray mb0 mt1 lh-title f6 f5-l">Biscoff Cookie Butter, Lotus Creamy Nut-Free Spread, 14.1 oz Jar</span></span></span><div class="flex items-center mt2"><span class="black inline-flex mr1" data-testid="product-ratings" data-value="4.3"><i class="ld ld-StarFill" style="font-size:12px;vertical-align:-0.175em;width:12px;height:12px;box-sizing:content-box" aria-hidden="true"></i><i class="ld ld-StarFill" style="font-size:12px;vertical-align:-0.175em;width:12px;height:12px;box-sizing:content-box" aria-hidden="true"></i><i class="ld ld-StarFill" style="font-size:12px;vertical-align:-0.175em;width:12px;height:12px;box-sizing:content-box" aria-hidden="true"></i><i class="ld ld-StarFill" style="font-size:12px;vertical-align:-0.175em;width:12px;height:12px;box-sizing:content-box" aria-hidden="true"></i><i class="ld ld-StarHalf" style="font-size:12px;vertical-align:-0.175em;width:12px;height:12px;box-sizing:content-box" aria-hidden="true"></i></span><span class="sans-serif gray f7" aria-hidden="true" data-testid="product-reviews" data-value="954">954</span><span class="w_iUH7">4.3 out of 5 Stars. 954 reviews</span></div><div></div><div class="mb2 mt2"><span class="w_iUH7">Available for Pickup, Delivery or 1-day shipping</span><span class="w_VbBP w_mFV6 w_I_19 w_3oNC w_AAn7 mr1 mt1 ph1" aria-hidden="true">Pickup</span><span class="w_VbBP w_mFV6 w_I_19 w_3oNC w_AAn7 mr1 mt1 ph1" aria-hidden="true">Delivery</span><span class="w_VbBP w_mFV6 w_I_19 w_3oNC w_AAn7 mr1 mt1 ph1" aria-hidden="true">1-day shipping</span></div></div></li></ul><a link-identifier="horizontalScrollerNext" class="absolute dn z-5 bg-white br-100 pa0 pointer db-l br-100 nav-control right-1" aria-label="Next slide for Product Carousel list" data-testid="horizontal-scroller-next" role="button"><i class="ld ld-ChevronRight" style="font-size:1.5rem;vertical-align:-0.25em;padding:12px;width:1.5rem;height:1.5rem;box-sizing:content-box"></i></a></div></section></section></div> <div class="mv3 mv4-xl ml3 ml0-l bb b--near-white"><section><section><header class="flex justify-between mb3 mb2-m pr3 pr4-m pr0-xl items-baseline"><section style="flex:1"><div><div><div class="inline-flex "><h2 class="f4 f3-m lh-title ma0 ">Add herb &amp; nut accents</h2></div></div></div></section></header><div class="flex flex-column justify-center relative" data-testid="horizontal-scroller-Product Carousel"><a link-identifier="horizontalScrollerPrevious" class="absolute dn z-5 bg-white br-100 pa0 pointer hidden-child br-100 nav-control left-1" aria-label="Previous slide for Product Carousel list" data-testid="horizontal-scroller-previous" role="button"><i class="ld ld-ChevronLeft" style="font-size:1.5rem;vertical-align:-0.25em;padding:12px;width:1.5rem;height:1.5rem;box-sizing:content-box"></i></a><ul style="display:grid;grid-auto-flow:column;scroll-snap-type:x mandatory;max-height:fit-content" class="list ma0 pl0 overflow-x-scroll hidesb hidesb-wk relative overflow-y-hidden carousel-peek-2 carousel-6-l carousel-3-m pr3-m" data-testid="carousel-container"><li class="flex flex-column items-center pa1 pr2 pb2" data-slide="0"><div role="group" data-item-id="218787293" class="sans-serif mid-gray relative flex flex-column w-100 h-100 hide-child-opacity" data-testid="product-tile-0" aria-label="Product"><a link-identifier="218787293" class="absolute w-100 h-100 z-1 hide-sibling-opacity" target="" href="/ip/Great-Value-Deluxe-Mixed-Nuts-30-oz/218787293"><span class="w_iUH7"><h3>Great Value Deluxe Mixed Nuts, 30 oz</h3></span></a><div class="h2 relative mv2"><span class="w_VbBP w_mFV6 w_awtt w_3oNC w_3H8O tag-leading-badge absolute">Best seller</span></div><div class="relative"><div class="relative overflow-hidden" style="max-width:226px;height:0;padding-bottom:min(226px, 100%);align-self:center;width:min(226px, 100%)"><img loading="lazy" srcset="https://i5.walmartimages.com/seo/Great-Value-Deluxe-Mixed-Nuts-30-oz_be351e2a-8c10-43bc-9697-3dac76a26b00.ac26dd39c280204e0a9624e3d710890b.jpeg?odnHeight=226&amp;odnWidth=226&amp;odnBg=FFFFFF 1x, https://i5.walmartimages.com/seo/Great-Value-Deluxe-Mixed-Nuts-30-oz_be351e2a-8c10-43bc-9697-3dac76a26b00.ac26dd39c280204e0a9624e3d710890b.jpeg?odnHeight=576&amp;odnWidth=576&amp;odnBg=FFFFFF 2x" src="https://i5.walmartimages.com/seo/Great-Value-Deluxe-Mixed-Nuts-30-oz_be351e2a-8c10-43bc-9697-3dac76a26b00.ac26dd39c280204e0a9624e3d710890b.jpeg?odnHeight=576&amp;odnWidth=576&amp;odnBg=FFFFFF" width="" height="" class="absolute top-0 left-0" data-testid="productTileImage" alt="Great Value Deluxe Mixed Nuts, 30 oz"/></div><div class="z-2 absolute bottom--1"><div class="relative dib" data-id="218787293"><button class="w_hhLG w_8nsR w_jDfj pointer bn sans-serif b ph2 flex items-center justify-center w-auto shadow-1" type="button" data-pcss-hide="true" data-automation-id="add-to-cart" aria-label="Add to cart - Great Value Deluxe Mixed Nuts, 30 oz"><i class="ld ld-Plus" style="font-size:1.5rem;vertical-align:-0.25em;width:1.5rem;height:1.5rem;box-sizing:content-box" title="add to cart"></i><span class="mr2">Add</span></button></div></div></div><div class="mt5 mb0" style="height:24px" data-testid="variant-218787293"></div><div data-automation-id="product-price" class="flex flex-wrap justify-start items-center lh-title mb1-m"><div class="mr1 mr2-xl b black lh-copy f5 f4-l" aria-hidden="true">$14.98</div><span class="w_iUH7">current price $14.98</span><div class="gray mr1 f7 f6-l">49.9 ¢/oz</div></div><span class=""><span class="w_V_DM" style="-webkit-line-clamp:3;padding-bottom:0em;margin-bottom:-0em"><span data-automation-id="product-title" class="normal dark-gray mb0 mt1 lh-title f6 f5-l">Great Value Deluxe Mixed Nuts, 30 oz</span></span></span><div class="flex items-center mt2"><span class="black inline-flex mr1" data-testid="product-ratings" data-value="3.6"><i class="ld ld-StarFill" style="font-size:12px;vertical-align:-0.175em;width:12px;height:12px;box-sizing:content-box" aria-hidden="true"></i><i class="ld ld-StarFill" style="font-size:12px;vertical-align:-0.175em;width:12px;height:12px;box-sizing:content-box" aria-hidden="true"></i><i class="ld ld-StarFill" style="font-size:12px;vertical-align:-0.175em;width:12px;height:12px;box-sizing:content-box" aria-hidden="true"></i><i class="ld ld-StarHalf" style="font-size:12px;vertical-align:-0.175em;width:12px;height:12px;box-sizing:content-box" aria-hidden="true"></i><i class="ld ld-Star" style="font-size:12px;vertical-align:-0.175em;width:12px;height:12px;box-sizing:content-box" aria-hidden="true"></i></span><span class="sans-serif gray f7" aria-hidden="true" data-testid="product-reviews" data-value="137">137</span><span class="w_iUH7">3.6 out of 5 Stars. 137 reviews</span></div><div></div><div class="mb2 mt2"><span class="w_iUH7">Available for Pickup, Delivery or 1-day shipping</span><span class="w_VbBP w_mFV6 w_I_19 w_3oNC w_AAn7 mr1 mt1 ph1" aria-hidden="true">Pickup</span><span class="w_VbBP w_mFV6 w_I_19 w_3oNC w_AAn7 mr1 mt1 ph1" aria-hidden="true">Delivery</span><span class="w_VbBP w_mFV6 w_I_19 w_3oNC w_AAn7 mr1 mt1 ph1" aria-hidden="true">1-day shipping</span></div></div></li><li class="flex flex-column items-center pa1 pr2 pb2" data-slide="1"><div role="group" data-item-id="499527722" class="sans-serif mid-gray relative flex flex-column w-100 h-100 hide-child-opacity" data-testid="product-tile-1" aria-label="Product"><a link-identifier="499527722" class="absolute w-100 h-100 z-1 hide-sibling-opacity" target="" href="/ip/Great-Value-Chopped-Macadamia-Nuts-4-oz/499527722"><span class="w_iUH7"><h3>Great Value Chopped Macadamia Nuts, 4 oz</h3></span></a><div class="h2 relative mv2"></div><div class="relative"><div class="relative overflow-hidden" style="max-width:226px;height:0;padding-bottom:min(226px, 100%);align-self:center;width:min(226px, 100%)"><img loading="lazy" srcset="https://i5.walmartimages.com/seo/Great-Value-Chopped-Macadamia-Nuts-4-oz_81547b96-80d0-4f06-adfd-577834f1a58b.95efae6acc16978b2697ba5808e71af9.jpeg?odnHeight=226&amp;odnWidth=226&amp;odnBg=FFFFFF 1x, https://i5.walmartimages.com/seo/Great-Value-Chopped-Macadamia-Nuts-4-oz_81547b96-80d0-4f06-adfd-577834f1a58b.95efae6acc16978b2697ba5808e71af9.jpeg?odnHeight=576&amp;odnWidth=576&amp;odnBg=FFFFFF 2x" src="https://i5.walmartimages.com/seo/Great-Value-Chopped-Macadamia-Nuts-4-oz_81547b96-80d0-4f06-adfd-577834f1a58b.95efae6acc16978b2697ba5808e71af9.jpeg?odnHeight=576&amp;odnWidth=576&amp;odnBg=FFFFFF" width="" height="" class="absolute top-0 left-0" data-testid="productTileImage" alt="Great Value Chopped Macadamia Nuts, 4 oz"/></div><div class="z-2 absolute bottom--1"><div class="relative dib" data-id="499527722"><button class="w_hhLG w_8nsR w_jDfj pointer bn sans-serif b ph2 flex items-center justify-center w-auto shadow-1" type="button" data-pcss-hide="true" data-automation-id="add-to-cart" aria-label="Add to cart - Great Value Chopped Macadamia Nuts, 4 oz"><i class="ld ld-Plus" style="font-size:1.5rem;vertical-align:-0.25em;width:1.5rem;height:1.5rem;box-sizing:content-box" title="add to cart"></i><span class="mr2">Add</span></button></div></div></div><div class="mt5 mb0" style="height:24px" data-testid="variant-499527722"></div><div data-automation-id="product-price" class="flex flex-wrap justify-start items-center lh-title mb1-m"><div class="mr1 mr2-xl b black lh-copy f5 f4-l" aria-hidden="true">$4.13</div><span class="w_iUH7">current price $4.13</span><div class="gray mr1 f7 f6-l">$1.03/oz</div></div><span class=""><span class="w_V_DM" style="-webkit-line-clamp:3;padding-bottom:0em;margin-bottom:-0em"><span data-automation-id="product-title" class="normal dark-gray mb0 mt1 lh-title f6 f5-l">Great Value Chopped Macadamia Nuts, 4 oz</span></span></span><div class="flex items-center mt2"><span class="black inline-flex mr1" data-testid="product-ratings" data-value="1.9"><i class="ld ld-StarFill" style="font-size:12px;vertical-align:-0.175em;width:12px;height:12px;box-sizing:content-box" aria-hidden="true"></i><i class="ld ld-StarFill" style="font-size:12px;vertical-align:-0.175em;width:12px;height:12px;box-sizing:content-box" aria-hidden="true"></i><i class="ld ld-Star" style="font-size:12px;vertical-align:-0.175em;width:12px;height:12px;box-sizing:content-box" aria-hidden="true"></i><i class="ld ld-Star" style="font-size:12px;vertical-align:-0.175em;width:12px;height:12px;box-sizing:content-box" aria-hidden="true"></i><i class="ld ld-Star" style="font-size:12px;vertical-align:-0.175em;width:12px;height:12px;box-sizing:content-box" aria-hidden="true"></i></span><span class="sans-serif gray f7" aria-hidden="true" data-testid="product-reviews" data-value="171">171</span><span class="w_iUH7">1.9 out of 5 Stars. 171 reviews</span></div><div></div></div></li><li class="flex flex-column items-center pa1 pr2 pb2" data-slide="2"><div role="group" data-item-id="20435164" class="sans-serif mid-gray relative flex flex-column w-100 h-100 hide-child-opacity" data-testid="product-tile-2" aria-label="Product"><a link-identifier="20435164" class="absolute w-100 h-100 z-1 hide-sibling-opacity" target="" href="/ip/Planters-Mixed-Nuts-Less-Than-50-Peanuts-with-Peanuts-Almonds-Cashews-Hazelnuts-Pecans-10-3-oz-Canister/20435164"><span class="w_iUH7"><h3>Planters Mixed Nuts Less Than 50% Peanuts with Peanuts, Almonds, Cashews, Hazelnuts &amp; Pecans, 10.3 oz Canister</h3></span></a><div class="h2 relative mv2"></div><div class="relative"><div class="relative overflow-hidden" style="max-width:226px;height:0;padding-bottom:min(226px, 100%);align-self:center;width:min(226px, 100%)"><img loading="lazy" srcset="https://i5.walmartimages.com/seo/Planters-Mixed-Nuts-Less-Than-50-Peanuts-with-Peanuts-Almonds-Cashews-Hazelnuts-Pecans-10-3-oz-Canister_554d3197-02c5-4117-ae47-2dc5392b8379.2569dcecce69a411af567745491e8dab.jpeg?odnHeight=226&amp;odnWidth=226&amp;odnBg=FFFFFF 1x, https://i5.walmartimages.com/seo/Planters-Mixed-Nuts-Less-Than-50-Peanuts-with-Peanuts-Almonds-Cashews-Hazelnuts-Pecans-10-3-oz-Canister_554d3197-02c5-4117-ae47-2dc5392b8379.2569dcecce69a411af567745491e8dab.jpeg?odnHeight=576&amp;odnWidth=576&amp;odnBg=FFFFFF 2x" src="https://i5.walmartimages.com/seo/Planters-Mixed-Nuts-Less-Than-50-Peanuts-with-Peanuts-Almonds-Cashews-Hazelnuts-Pecans-10-3-oz-Canister_554d3197-02c5-4117-ae47-2dc5392b8379.2569dcecce69a411af567745491e8dab.jpeg?odnHeight=576&amp;odnWidth=576&amp;odnBg=FFFFFF" width="" height="" class="absolute top-0 left-0" data-testid="productTileImage" alt="Planters Mixed Nuts Less Than 50% Peanuts with Peanuts, Almonds, Cashews, Hazelnuts &amp; Pecans, 10.3 oz Canister"/></div><div class="z-2 absolute bottom--1"><div class="relative dib" data-id="20435164"><button class="w_hhLG w_8nsR w_jDfj pointer bn sans-serif b ph2 flex items-center justify-center w-auto shadow-1" type="button" data-pcss-hide="true" data-automation-id="add-to-cart" aria-label="Add to cart - Planters Mixed Nuts Less Than 50% Peanuts with Peanuts, Almonds, Cashews, Hazelnuts &amp; Pecans, 10.3 oz Canister"><i class="ld ld-Plus" style="font-size:1.5rem;vertical-align:-0.25em;width:1.5rem;height:1.5rem;box-sizing:content-box" title="add to cart"></i><span class="mr2">Add</span></button></div></div></div><div class="mt5 mb0" style="height:24px" data-testid="variant-20435164"></div><div data-automation-id="product-price" class="flex flex-wrap justify-start items-center lh-title mb1-m"><div class="mr1 mr2-xl b black lh-copy f5 f4-l" aria-hidden="true">$4.98</div><span class="w_iUH7">current price $4.98</span><div class="gray mr1 f7 f6-l">48.3 ¢/oz</div></div><span class=""><span class="w_V_DM" style="-webkit-line-clamp:3;padding-bottom:0em;margin-bottom:-0em"><span data-automation-id="product-title" class="normal dark-gray mb0 mt1 lh-title f6 f5-l">Planters Mixed Nuts Less Than 50% Peanuts with Peanuts, Almonds, Cashews, Hazelnuts &amp; Pecans, 10.3 oz Canister</span></span></span><div class="flex items-center mt2"><span class="black inline-flex mr1" data-testid="product-ratings" data-value="3.9"><i class="ld ld-StarFill" style="font-size:12px;vertical-align:-0.175em;width:12px;height:12px;box-sizing:content-box" aria-hidden="true"></i><i class="ld ld-StarFill" style="font-size:12px;vertical-align:-0.175em;width:12px;height:12px;box-sizing:content-box" aria-hidden="true"></i><i class="ld ld-StarFill" style="font-size:12px;vertical-align:-0.175em;width:12px;height:12px;box-sizing:content-box" aria-hidden="true"></i><i class="ld ld-StarFill" style="font-size:12px;vertical-align:-0.175em;width:12px;height:12px;box-sizing:content-box" aria-hidden="true"></i><i class="ld ld-Star" style="font-size:12px;vertical-align:-0.175em;width:12px;height:12px;box-sizing:content-box" aria-hidden="true"></i></span><span class="sans-serif gray f7" aria-hidden="true" data-testid="product-reviews" data-value="653">653</span><span class="w_iUH7">3.9 out of 5 Stars. 653 reviews</span></div><div></div></div></li><li class="flex flex-column items-center pa1 pr2 pb2" data-slide="3"><div role="group" data-item-id="364798995" class="sans-serif mid-gray relative flex flex-column w-100 h-100 hide-child-opacity" data-testid="product-tile-3" aria-label="Product"><a link-identifier="364798995" class="absolute w-100 h-100 z-1 hide-sibling-opacity" target="" href="/ip/Great-Value-Deluxe-Whole-Cashews-30-oz/364798995"><span class="w_iUH7"><h3>Great Value Deluxe Whole Cashews, 30 oz</h3></span></a><div class="h2 relative mv2"></div><div class="relative"><div class="relative overflow-hidden" style="max-width:226px;height:0;padding-bottom:min(226px, 100%);align-self:center;width:min(226px, 100%)"><img loading="lazy" srcset="https://i5.walmartimages.com/seo/Great-Value-Deluxe-Whole-Cashews-30-oz_dab60dbb-241f-48fe-a055-d4ec77e6d361.19490b59cf0e69d7880fb38957eb7b33.jpeg?odnHeight=226&amp;odnWidth=226&amp;odnBg=FFFFFF 1x, https://i5.walmartimages.com/seo/Great-Value-Deluxe-Whole-Cashews-30-oz_dab60dbb-241f-48fe-a055-d4ec77e6d361.19490b59cf0e69d7880fb38957eb7b33.jpeg?odnHeight=576&amp;odnWidth=576&amp;odnBg=FFFFFF 2x" src="https://i5.walmartimages.com/seo/Great-Value-Deluxe-Whole-Cashews-30-oz_dab60dbb-241f-48fe-a055-d4ec77e6d361.19490b59cf0e69d7880fb38957eb7b33.jpeg?odnHeight=576&amp;odnWidth=576&amp;odnBg=FFFFFF" width="" height="" class="absolute top-0 left-0" data-testid="productTileImage" alt="Great Value Deluxe Whole Cashews, 30 oz"/></div><div class="z-2 absolute bottom--1"><div class="relative dib" data-id="364798995"><button class="w_hhLG w_8nsR w_jDfj pointer bn sans-serif b ph2 flex items-center justify-center w-auto shadow-1" type="button" data-pcss-hide="true" data-automation-id="add-to-cart" aria-label="Add to cart - Great Value Deluxe Whole Cashews, 30 oz"><i class="ld ld-Plus" style="font-size:1.5rem;vertical-align:-0.25em;width:1.5rem;height:1.5rem;box-sizing:content-box" title="add to cart"></i><span class="mr2">Add</span></button></div></div></div><div class="mt5 mb0" style="height:24px" data-testid="variant-364798995"></div><div data-automation-id="product-price" class="flex flex-wrap justify-start items-center lh-title mb1-m"><div class="mr1 mr2-xl b black lh-copy f5 f4-l" aria-hidden="true">$14.78</div><span class="w_iUH7">current price $14.78</span><div class="gray mr1 f7 f6-l">49.3 ¢/oz</div></div><span class=""><span class="w_V_DM" style="-webkit-line-clamp:3;padding-bottom:0em;margin-bottom:-0em"><span data-automation-id="product-title" class="normal dark-gray mb0 mt1 lh-title f6 f5-l">Great Value Deluxe Whole Cashews, 30 oz</span></span></span><div class="flex items-center mt2"><span class="black inline-flex mr1" data-testid="product-ratings" data-value="4.5"><i class="ld ld-StarFill" style="font-size:12px;vertical-align:-0.175em;width:12px;height:12px;box-sizing:content-box" aria-hidden="true"></i><i class="ld ld-StarFill" style="font-size:12px;vertical-align:-0.175em;width:12px;height:12px;box-sizing:content-box" aria-hidden="true"></i><i class="ld ld-StarFill" style="font-size:12px;vertical-align:-0.175em;width:12px;height:12px;box-sizing:content-box" aria-hidden="true"></i><i class="ld ld-StarFill" style="font-size:12px;vertical-align:-0.175em;width:12px;height:12px;box-sizing:content-box" aria-hidden="true"></i><i class="ld ld-StarHalf" style="font-size:12px;vertical-align:-0.175em;width:12px;height:12px;box-sizing:content-box" aria-hidden="true"></i></span><span class="sans-serif gray f7" aria-hidden="true" data-testid="product-reviews" data-value="1260">1260</span><span class="w_iUH7">4.5 out of 5 Stars. 1260 reviews</span></div><div></div></div></li><li class="flex flex-column items-center pa1 pr2 pb2" data-slide="4"><div role="group" data-item-id="44391167" class="sans-serif mid-gray relative flex flex-column w-100 h-100 hide-child-opacity" data-testid="product-tile-4" aria-label="Product"><a link-identifier="44391167" class="absolute w-100 h-100 z-1 hide-sibling-opacity" target="" href="/ip/Fresh-Curly-Parsley-Bunch-Each/44391167"><span class="w_iUH7"><h3>Fresh Curly Parsley Bunch, Each</h3></span></a><div class="h2 relative mv2"></div><div class="relative"><div class="relative overflow-hidden" style="max-width:226px;height:0;padding-bottom:min(226px, 100%);align-self:center;width:min(226px, 100%)"><img loading="lazy" srcset="https://i5.walmartimages.com/seo/Fresh-Curly-Parsley-Bunch-Each_7aef0185-b42c-4b90-aaaf-48eefc101ba2.985ed9881b0a6d0cb308dc5d923c3433.jpeg?odnHeight=226&amp;odnWidth=226&amp;odnBg=FFFFFF 1x, https://i5.walmartimages.com/seo/Fresh-Curly-Parsley-Bunch-Each_7aef0185-b42c-4b90-aaaf-48eefc101ba2.985ed9881b0a6d0cb308dc5d923c3433.jpeg?odnHeight=576&amp;odnWidth=576&amp;odnBg=FFFFFF 2x" src="https://i5.walmartimages.com/seo/Fresh-Curly-Parsley-Bunch-Each_7aef0185-b42c-4b90-aaaf-48eefc101ba2.985ed9881b0a6d0cb308dc5d923c3433.jpeg?odnHeight=576&amp;odnWidth=576&amp;odnBg=FFFFFF" width="" height="" class="absolute top-0 left-0" data-testid="productTileImage" alt="Fresh Curly Parsley Bunch, Each"/></div><div class="z-2 absolute bottom--1"><div class="relative dib" data-id="44391167"><button class="w_hhLG w_8nsR w_jDfj pointer bn sans-serif b ph2 flex items-center justify-center w-auto shadow-1" type="button" data-pcss-hide="true" data-automation-id="add-to-cart" aria-label="Add to cart - Fresh Curly Parsley Bunch, Each"><i class="ld ld-Plus" style="font-size:1.5rem;vertical-align:-0.25em;width:1.5rem;height:1.5rem;box-sizing:content-box" title="add to cart"></i><span class="mr2">Add</span></button></div></div></div><div class="mt5 mb0" style="height:24px" data-testid="variant-44391167"></div><div data-automation-id="product-price" class="flex flex-wrap justify-start items-center lh-title mb1-m"><div class="mr1 mr2-xl b black lh-copy f5 f4-l" aria-hidden="true">$0.88</div><span class="w_iUH7">current price $0.88</span></div><span class=""><span class="w_V_DM" style="-webkit-line-clamp:3;padding-bottom:0em;margin-bottom:-0em"><span data-automation-id="product-title" class="normal dark-gray mb0 mt1 lh-title f6 f5-l">Fresh Curly Parsley Bunch, Each</span></span></span><div class="flex items-center mt2"><span class="black inline-flex mr1" data-testid="product-ratings" data-value="1.7"><i class="ld ld-StarFill" style="font-size:12px;vertical-align:-0.175em;width:12px;height:12px;box-sizing:content-box" aria-hidden="true"></i><i class="ld ld-StarHalf" style="font-size:12px;vertical-align:-0.175em;width:12px;height:12px;box-sizing:content-box" aria-hidden="true"></i><i class="ld ld-Star" style="font-size:12px;vertical-align:-0.175em;width:12px;height:12px;box-sizing:content-box" aria-hidden="true"></i><i class="ld ld-Star" style="font-size:12px;vertical-align:-0.175em;width:12px;height:12px;box-sizing:content-box" aria-hidden="true"></i><i class="ld ld-Star" style="font-size:12px;vertical-align:-0.175em;width:12px;height:12px;box-sizing:content-box" aria-hidden="true"></i></span><span class="sans-serif gray f7" aria-hidden="true" data-testid="product-reviews" data-value="204">204</span><span class="w_iUH7">1.7 out of 5 Stars. 204 reviews</span></div><div></div></div></li><li class="flex flex-column items-center pa1 pr2 pb2" data-slide="5"><div role="group" data-item-id="10448380" class="sans-serif mid-gray relative flex flex-column w-100 h-100 hide-child-opacity" data-testid="product-tile-5" aria-label="Product"><a link-identifier="10448380" class="absolute w-100 h-100 z-1 hide-sibling-opacity" target="" href="/ip/Great-Value-Honey-Roasted-Peanuts-34-5-oz/10448380"><span class="w_iUH7"><h3>Great Value Honey Roasted Peanuts, 34.5 oz</h3></span></a><div class="h2 relative mv2"></div><div class="relative"><div class="relative overflow-hidden" style="max-width:226px;height:0;padding-bottom:min(226px, 100%);align-self:center;width:min(226px, 100%)"><img loading="lazy" srcset="https://i5.walmartimages.com/seo/Great-Value-Honey-Roasted-Peanuts-34-5-oz_0bef63b6-6d73-4106-b572-0e65983fdf7e.204f05dd6d0ecd0aaafd6234f1b9ec01.jpeg?odnHeight=226&amp;odnWidth=226&amp;odnBg=FFFFFF 1x, https://i5.walmartimages.com/seo/Great-Value-Honey-Roasted-Peanuts-34-5-oz_0bef63b6-6d73-4106-b572-0e65983fdf7e.204f05dd6d0ecd0aaafd6234f1b9ec01.jpeg?odnHeight=576&amp;odnWidth=576&amp;odnBg=FFFFFF 2x" src="https://i5.walmartimages.com/seo/Great-Value-Honey-Roasted-Peanuts-34-5-oz_0bef63b6-6d73-4106-b572-0e65983fdf7e.204f05dd6d0ecd0aaafd6234f1b9ec01.jpeg?odnHeight=576&amp;odnWidth=576&amp;odnBg=FFFFFF" width="" height="" class="absolute top-0 left-0" data-testid="productTileImage" alt="Great Value Honey Roasted Peanuts, 34.5 oz"/></div><div class="z-2 absolute bottom--1"><div class="relative dib" data-id="10448380"><button class="w_hhLG w_8nsR w_jDfj pointer bn sans-serif b ph2 flex items-center justify-center w-auto shadow-1" type="button" data-pcss-hide="true" data-automation-id="add-to-cart" aria-label="Add to cart - Great Value Honey Roasted Peanuts, 34.5 oz"><i class="ld ld-Plus" style="font-size:1.5rem;vertical-align:-0.25em;width:1.5rem;height:1.5rem;box-sizing:content-box" title="add to cart"></i><span class="mr2">Add</span></button></div></div></div><div class="mt5 mb0" style="height:24px" data-testid="variant-10448380"></div><div data-automation-id="product-price" class="flex flex-wrap justify-start items-center lh-title mb1-m"><div class="mr1 mr2-xl b black lh-copy f5 f4-l" aria-hidden="true">$4.68</div><span class="w_iUH7">current price $4.68</span><div class="gray mr1 f7 f6-l">13.6 ¢/oz</div></div><span class=""><span class="w_V_DM" style="-webkit-line-clamp:3;padding-bottom:0em;margin-bottom:-0em"><span data-automation-id="product-title" class="normal dark-gray mb0 mt1 lh-title f6 f5-l">Great Value Honey Roasted Peanuts, 34.5 oz</span></span></span><div class="flex items-center mt2"><span class="black inline-flex mr1" data-testid="product-ratings" data-value="4.7"><i class="ld ld-StarFill" style="font-size:12px;vertical-align:-0.175em;width:12px;height:12px;box-sizing:content-box" aria-hidden="true"></i><i class="ld ld-StarFill" style="font-size:12px;vertical-align:-0.175em;width:12px;height:12px;box-sizing:content-box" aria-hidden="true"></i><i class="ld ld-StarFill" style="font-size:12px;vertical-align:-0.175em;width:12px;height:12px;box-sizing:content-box" aria-hidden="true"></i><i class="ld ld-StarFill" style="font-size:12px;vertical-align:-0.175em;width:12px;height:12px;box-sizing:content-box" aria-hidden="true"></i><i class="ld ld-StarHalf" style="font-size:12px;vertical-align:-0.175em;width:12px;height:12px;box-sizing:content-box" aria-hidden="true"></i></span><span class="sans-serif gray f7" aria-hidden="true" data-testid="product-reviews" data-value="1173">1173</span><span class="w_iUH7">4.7 out of 5 Stars. 1173 reviews</span></div><div></div></div></li></ul><a link-identifier="horizontalScrollerNext" class="absolute dn z-5 bg-white br-100 pa0 pointer db-l br-100 nav-control right-1" aria-label="Next slide for Product Carousel list" data-testid="horizontal-scroller-next" role="button"><i class="ld ld-ChevronRight" style="font-size:1.5rem;vertical-align:-0.25em;padding:12px;width:1.5rem;height:1.5rem;box-sizing:content-box"></i></a></div></section></section></div> <div class="mv3 mv4-xl ml3 ml0-l bb b--near-white"><section><section><header class="flex justify-between mb3 mb2-m pr3 pr4-m pr0-xl items-baseline"><section style="flex:1"><div><div><div class="inline-flex "><h2 class="f4 f3-m lh-title ma0 ">Ship to home gifts</h2></div></div></div></section></header><div class="flex flex-column justify-center relative" data-testid="horizontal-scroller-Product Carousel"><a link-identifier="horizontalScrollerPrevious" class="absolute dn z-5 bg-white br-100 pa0 pointer hidden-child br-100 nav-control left-1" aria-label="Previous slide for Product Carousel list" data-testid="horizontal-scroller-previous" role="button"><i class="ld ld-ChevronLeft" style="font-size:1.5rem;vertical-align:-0.25em;padding:12px;width:1.5rem;height:1.5rem;box-sizing:content-box"></i></a><ul style="display:grid;grid-auto-flow:column;scroll-snap-type:x mandatory;max-height:fit-content" class="list ma0 pl0 overflow-x-scroll hidesb hidesb-wk relative overflow-y-hidden carousel-peek-2 carousel-6-l carousel-3-m pr3-m" data-testid="carousel-container"><li class="flex flex-column items-center pa1 pr2 pb2" data-slide="0"><div role="group" data-item-id="1598754759" class="sans-serif mid-gray relative flex flex-column w-100 h-100 hide-child-opacity" data-testid="product-tile-0" aria-label="Product"><a link-identifier="1598754759" class="absolute w-100 h-100 z-1 hide-sibling-opacity" target="" href="/ip/The-Wisconsin-Cheeseman-Cheese-Sausage-Combo-Featuring-Colby-Brick-Sharp-Cheddar-Monterey-Jack-Bars-Italian-Original-Garlic-Summer-Sausages-Premium-G/1598754759?athcpid=1598754759&amp;athpgid=AthenaContentPage_4740967&amp;athcgid=null&amp;athznid=ItemCarousel_3a9d8981-0683-454c-9062-4c2ca6bc41aa_items&amp;athieid=v0&amp;athstid=CS020&amp;athguid=s-SwGJlwQKwJx4-cn3aD3PFfAgOp1Vtd9RFT&amp;athancid=null&amp;athena=true"><span class="w_iUH7"><h3>The Wisconsin Cheeseman Cheese and Sausage Combo - Featuring Colby, Brick, Sharp Cheddar, and Monterey Jack Cheese Bars, Italian, Original, Garlic Summer Sausages, Premium Gift for Charcuterie Boards</h3></span></a><div class="h2 relative mv2"></div><div class="relative"><div class="relative overflow-hidden" style="max-width:226px;height:0;padding-bottom:min(226px, 100%);align-self:center;width:min(226px, 100%)"><img loading="lazy" srcset="https://i5.walmartimages.com/asr/1acc4aa5-7c4e-4281-8a87-dcba935fb25d.dc646e47463d28600acd69dc36de900a.jpeg?odnHeight=226&amp;odnWidth=226&amp;odnBg=FFFFFF 1x, https://i5.walmartimages.com/asr/1acc4aa5-7c4e-4281-8a87-dcba935fb25d.dc646e47463d28600acd69dc36de900a.jpeg?odnHeight=576&amp;odnWidth=576&amp;odnBg=FFFFFF 2x" src="https://i5.walmartimages.com/asr/1acc4aa5-7c4e-4281-8a87-dcba935fb25d.dc646e47463d28600acd69dc36de900a.jpeg?odnHeight=576&amp;odnWidth=576&amp;odnBg=FFFFFF" width="" height="" class="absolute top-0 left-0" data-testid="productTileImage" alt="The Wisconsin Cheeseman Cheese and Sausage Combo - Featuring Colby, Brick, Sharp Cheddar, and Monterey Jack Cheese Bars, Italian, Original, Garlic Summer Sausages, Premium Gift for Charcuterie Boards"/></div><div class="z-2 absolute bottom--1"><div class="relative dib" data-id="1598754759"><button class="w_hhLG w_8nsR w_jDfj pointer bn sans-serif b ph2 flex items-center justify-center w-auto shadow-1" type="button" data-pcss-hide="true" data-automation-id="add-to-cart" aria-label="Add to cart - The Wisconsin Cheeseman Cheese and Sausage Combo - Featuring Colby, Brick, Sharp Cheddar, and Monterey Jack Cheese Bars, Italian, Original, Garlic Summer Sausages, Premium Gift for Charcuterie Boards"><i class="ld ld-Plus" style="font-size:1.5rem;vertical-align:-0.25em;width:1.5rem;height:1.5rem;box-sizing:content-box" title="add to cart"></i><span class="mr2">Add</span></button></div></div></div><div class="mt5 mb0" style="height:24px" data-testid="variant-1598754759"></div><div data-automation-id="product-price" class="flex flex-wrap justify-start items-center lh-title mb1-m"><div class="mr1 mr2-xl b black lh-copy f5 f4-l" aria-hidden="true">$39.99</div><span class="w_iUH7">current price $39.99</span></div><span class=""><span class="w_V_DM" style="-webkit-line-clamp:3;padding-bottom:0em;margin-bottom:-0em"><span data-automation-id="product-title" class="normal dark-gray mb0 mt1 lh-title f6 f5-l">The Wisconsin Cheeseman Cheese and Sausage Combo - Featuring Colby, Brick, Sharp Cheddar, and Monterey Jack Cheese Bars, Italian, Original, Garlic Summer Sausages, Premium Gift for Charcuterie Boards</span></span></span><div class="flex items-center mt2"><span class="black inline-flex mr1" data-testid="product-ratings" data-value="4.5"><i class="ld ld-StarFill" style="font-size:12px;vertical-align:-0.175em;width:12px;height:12px;box-sizing:content-box" aria-hidden="true"></i><i class="ld ld-StarFill" style="font-size:12px;vertical-align:-0.175em;width:12px;height:12px;box-sizing:content-box" aria-hidden="true"></i><i class="ld ld-StarFill" style="font-size:12px;vertical-align:-0.175em;width:12px;height:12px;box-sizing:content-box" aria-hidden="true"></i><i class="ld ld-StarFill" style="font-size:12px;vertical-align:-0.175em;width:12px;height:12px;box-sizing:content-box" aria-hidden="true"></i><i class="ld ld-StarHalf" style="font-size:12px;vertical-align:-0.175em;width:12px;height:12px;box-sizing:content-box" aria-hidden="true"></i></span><span class="sans-serif gray f7" aria-hidden="true" data-testid="product-reviews" data-value="207">207</span><span class="w_iUH7">4.5 out of 5 Stars. 207 reviews</span></div><div></div><div class="mb2 mt2"><span class="w_iUH7">Available for 3+ day shipping</span><span class="w_VbBP w_mFV6 w_I_19 w_3oNC w_AAn7 mr1 mt1 ph1" aria-hidden="true">3+ day shipping</span></div></div></li><li class="flex flex-column items-center pa1 pr2 pb2" data-slide="1"><div role="group" data-item-id="1977667340" class="sans-serif mid-gray relative flex flex-column w-100 h-100 hide-child-opacity" data-testid="product-tile-1" aria-label="Product"><a link-identifier="1977667340" class="absolute w-100 h-100 z-1 hide-sibling-opacity" target="" href="/ip/The-Swiss-Colony-Wild-Game-Meat-Sticks/1977667340?athcpid=1977667340&amp;athpgid=AthenaContentPage_4740967&amp;athcgid=null&amp;athznid=ItemCarousel_3a9d8981-0683-454c-9062-4c2ca6bc41aa_items&amp;athieid=v0&amp;athstid=CS020&amp;athguid=s-SwGJlwQKwJx4-cn3aD3PFfAgOp1Vtd9RFT&amp;athancid=null&amp;athena=true"><span class="w_iUH7"><h3>The Swiss Colony Wild Game Meat Sticks</h3></span></a><div class="h2 relative mv2"></div><div class="relative"><div class="relative overflow-hidden" style="max-width:226px;height:0;padding-bottom:min(226px, 100%);align-self:center;width:min(226px, 100%)"><img loading="lazy" srcset="https://i5.walmartimages.com/seo/The-Swiss-Colony-Wild-Game-Meat-Sticks_0eb12e5c-81f9-4342-b965-cd798c92f85b.8efb082e24be6fafee7a1d571f6c6b96.jpeg?odnHeight=226&amp;odnWidth=226&amp;odnBg=FFFFFF 1x, https://i5.walmartimages.com/seo/The-Swiss-Colony-Wild-Game-Meat-Sticks_0eb12e5c-81f9-4342-b965-cd798c92f85b.8efb082e24be6fafee7a1d571f6c6b96.jpeg?odnHeight=576&amp;odnWidth=576&amp;odnBg=FFFFFF 2x" src="https://i5.walmartimages.com/seo/The-Swiss-Colony-Wild-Game-Meat-Sticks_0eb12e5c-81f9-4342-b965-cd798c92f85b.8efb082e24be6fafee7a1d571f6c6b96.jpeg?odnHeight=576&amp;odnWidth=576&amp;odnBg=FFFFFF" width="" height="" class="absolute top-0 left-0" data-testid="productTileImage" alt="The Swiss Colony Wild Game Meat Sticks"/></div><div class="z-2 absolute bottom--1"><div class="relative dib" data-id="1977667340"><button class="w_hhLG w_8nsR w_jDfj pointer bn sans-serif b ph2 flex items-center justify-center w-auto shadow-1" type="button" data-pcss-hide="true" data-automation-id="add-to-cart" aria-label="Add to cart - The Swiss Colony Wild Game Meat Sticks"><i class="ld ld-Plus" style="font-size:1.5rem;vertical-align:-0.25em;width:1.5rem;height:1.5rem;box-sizing:content-box" title="add to cart"></i><span class="mr2">Add</span></button></div></div></div><div class="mt5 mb0" style="height:24px" data-testid="variant-1977667340"><div class="f7 lh-solid tc h1 v-mid"><div aria-hidden="true" aria-labelledby="variants-1977667340">+2 options</div><span class="w_iUH7" id="variants-1977667340">Available in additional 2 options</span></div></div><div data-automation-id="product-price" class="flex flex-wrap justify-start items-center lh-title mb1-m"><div class="mr1 mr2-xl b black lh-copy f5 f4-l" aria-hidden="true">$39.99</div><span class="w_iUH7">current price $39.99</span></div><span class=""><span class="w_V_DM" style="-webkit-line-clamp:3;padding-bottom:0em;margin-bottom:-0em"><span data-automation-id="product-title" class="normal dark-gray mb0 mt1 lh-title f6 f5-l">The Swiss Colony Wild Game Meat Sticks</span></span></span><div class="flex items-center mt2"><span class="black inline-flex mr1" data-testid="product-ratings" data-value="4.5"><i class="ld ld-StarFill" style="font-size:12px;vertical-align:-0.175em;width:12px;height:12px;box-sizing:content-box" aria-hidden="true"></i><i class="ld ld-StarFill" style="font-size:12px;vertical-align:-0.175em;width:12px;height:12px;box-sizing:content-box" aria-hidden="true"></i><i class="ld ld-StarFill" style="font-size:12px;vertical-align:-0.175em;width:12px;height:12px;box-sizing:content-box" aria-hidden="true"></i><i class="ld ld-StarFill" style="font-size:12px;vertical-align:-0.175em;width:12px;height:12px;box-sizing:content-box" aria-hidden="true"></i><i class="ld ld-StarHalf" style="font-size:12px;vertical-align:-0.175em;width:12px;height:12px;box-sizing:content-box" aria-hidden="true"></i></span><span class="sans-serif gray f7" aria-hidden="true" data-testid="product-reviews" data-value="504">504</span><span class="w_iUH7">4.5 out of 5 Stars. 504 reviews</span></div><div></div><div class="mb2 mt2"><span class="w_iUH7">Available for 3+ day shipping</span><span class="w_VbBP w_mFV6 w_I_19 w_3oNC w_AAn7 mr1 mt1 ph1" aria-hidden="true">3+ day shipping</span></div></div></li><li class="flex flex-column items-center pa1 pr2 pb2" data-slide="2"><div role="group" data-item-id="800618363" class="sans-serif mid-gray relative flex flex-column w-100 h-100 hide-child-opacity" data-testid="product-tile-2" aria-label="Product"><a link-identifier="800618363" class="absolute w-100 h-100 z-1 hide-sibling-opacity" target="" href="/ip/Gourmet-Meat-Cheese-Sampler-with-Crackers-and-Dip-by-GourmetGiftBaskets-com/800618363?athcpid=800618363&amp;athpgid=AthenaContentPage_4740967&amp;athcgid=null&amp;athznid=ItemCarousel_3a9d8981-0683-454c-9062-4c2ca6bc41aa_items&amp;athieid=v0&amp;athstid=CS020&amp;athguid=s-SwGJlwQKwJx4-cn3aD3PFfAgOp1Vtd9RFT&amp;athancid=null&amp;athena=true"><span class="w_iUH7"><h3>Gourmet Meat &amp; Cheese Sampler with Crackers and Dip by GourmetGiftBaskets.com</h3></span></a><div class="h2 relative mv2"></div><div class="relative"><div class="relative overflow-hidden" style="max-width:226px;height:0;padding-bottom:min(226px, 100%);align-self:center;width:min(226px, 100%)"><img loading="lazy" srcset="https://i5.walmartimages.com/asr/5e340cb2-6414-4cf0-897c-623527b4da17.04d3cfccc8326e8fec2f3272583ad31c.jpeg?odnHeight=226&amp;odnWidth=226&amp;odnBg=FFFFFF 1x, https://i5.walmartimages.com/asr/5e340cb2-6414-4cf0-897c-623527b4da17.04d3cfccc8326e8fec2f3272583ad31c.jpeg?odnHeight=576&amp;odnWidth=576&amp;odnBg=FFFFFF 2x" src="https://i5.walmartimages.com/asr/5e340cb2-6414-4cf0-897c-623527b4da17.04d3cfccc8326e8fec2f3272583ad31c.jpeg?odnHeight=576&amp;odnWidth=576&amp;odnBg=FFFFFF" width="" height="" class="absolute top-0 left-0" data-testid="productTileImage" alt="Gourmet Meat &amp; Cheese Sampler with Crackers and Dip by GourmetGiftBaskets.com"/></div><div class="z-2 absolute bottom--1"><div class="relative dib" data-id="800618363"><button class="w_hhLG w_8nsR w_jDfj pointer bn sans-serif b ph2 flex items-center justify-center w-auto shadow-1" type="button" data-pcss-hide="true" data-automation-id="add-to-cart" aria-label="Add to cart - Gourmet Meat &amp; Cheese Sampler with Crackers and Dip by GourmetGiftBaskets.com"><i class="ld ld-Plus" style="font-size:1.5rem;vertical-align:-0.25em;width:1.5rem;height:1.5rem;box-sizing:content-box" title="add to cart"></i><span class="mr2">Add</span></button></div></div></div><div class="mt5 mb0" style="height:24px" data-testid="variant-800618363"></div><div data-automation-id="product-price" class="flex flex-wrap justify-start items-center lh-title mb1-m"><div class="mr1 mr2-xl b black lh-copy f5 f4-l" aria-hidden="true">$50.98</div><span class="w_iUH7">current price $50.98</span></div><span class=""><span class="w_V_DM" style="-webkit-line-clamp:3;padding-bottom:0em;margin-bottom:-0em"><span data-automation-id="product-title" class="normal dark-gray mb0 mt1 lh-title f6 f5-l">Gourmet Meat &amp; Cheese Sampler with Crackers and Dip by GourmetGiftBaskets.com</span></span></span><div class="flex items-center mt2"><span class="black inline-flex mr1" data-testid="product-ratings" data-value="4.9"><i class="ld ld-StarFill" style="font-size:12px;vertical-align:-0.175em;width:12px;height:12px;box-sizing:content-box" aria-hidden="true"></i><i class="ld ld-StarFill" style="font-size:12px;vertical-align:-0.175em;width:12px;height:12px;box-sizing:content-box" aria-hidden="true"></i><i class="ld ld-StarFill" style="font-size:12px;vertical-align:-0.175em;width:12px;height:12px;box-sizing:content-box" aria-hidden="true"></i><i class="ld ld-StarFill" style="font-size:12px;vertical-align:-0.175em;width:12px;height:12px;box-sizing:content-box" aria-hidden="true"></i><i class="ld ld-StarFill" style="font-size:12px;vertical-align:-0.175em;width:12px;height:12px;box-sizing:content-box" aria-hidden="true"></i></span><span class="sans-serif gray f7" aria-hidden="true" data-testid="product-reviews" data-value="97">97</span><span class="w_iUH7">4.9 out of 5 Stars. 97 reviews</span></div><div></div><div class="mb2 mt2"><span class="w_iUH7">Available for 3+ day shipping</span><span class="w_VbBP w_mFV6 w_I_19 w_3oNC w_AAn7 mr1 mt1 ph1" aria-hidden="true">3+ day shipping</span></div></div></li><li class="flex flex-column items-center pa1 pr2 pb2" data-slide="3"><div role="group" data-item-id="149615479" class="sans-serif mid-gray relative flex flex-column w-100 h-100 hide-child-opacity" data-testid="product-tile-3" aria-label="Product"><a link-identifier="149615479" class="absolute w-100 h-100 z-1 hide-sibling-opacity" target="" href="/ip/igourmet-French-Raclette-Cheese-2-5-lb-Cut-2-5-pound/149615479?athcpid=149615479&amp;athpgid=AthenaContentPage_4740967&amp;athcgid=null&amp;athznid=ItemCarousel_3a9d8981-0683-454c-9062-4c2ca6bc41aa_items&amp;athieid=v0&amp;athstid=CS020&amp;athguid=s-SwGJlwQKwJx4-cn3aD3PFfAgOp1Vtd9RFT&amp;athancid=null&amp;athena=true"><span class="w_iUH7"><h3>igourmet French Raclette Cheese - 2.5 lb Cut (2.5 pound)</h3></span></a><div class="h2 relative mv2"></div><div class="relative"><div class="relative overflow-hidden" style="max-width:226px;height:0;padding-bottom:min(226px, 100%);align-self:center;width:min(226px, 100%)"><img loading="lazy" srcset="https://i5.walmartimages.com/seo/igourmet-French-Raclette-Cheese-2-5-lb-Cut-2-5-pound_9d7eaa73-1482-4f0e-bf31-cc7a102c816c.6e2578ffe198aa6fb31a73532e1e9c65.jpeg?odnHeight=226&amp;odnWidth=226&amp;odnBg=FFFFFF 1x, https://i5.walmartimages.com/seo/igourmet-French-Raclette-Cheese-2-5-lb-Cut-2-5-pound_9d7eaa73-1482-4f0e-bf31-cc7a102c816c.6e2578ffe198aa6fb31a73532e1e9c65.jpeg?odnHeight=576&amp;odnWidth=576&amp;odnBg=FFFFFF 2x" src="https://i5.walmartimages.com/seo/igourmet-French-Raclette-Cheese-2-5-lb-Cut-2-5-pound_9d7eaa73-1482-4f0e-bf31-cc7a102c816c.6e2578ffe198aa6fb31a73532e1e9c65.jpeg?odnHeight=576&amp;odnWidth=576&amp;odnBg=FFFFFF" width="" height="" class="absolute top-0 left-0" data-testid="productTileImage" alt="igourmet French Raclette Cheese - 2.5 lb Cut (2.5 pound)"/></div><div class="z-2 absolute bottom--1 w-60"><div class="relative dib" data-id="149615479"><a class="w_hhLG w_8nsR w_jDfj pointer bn sans-serif b ph2 flex items-center justify-center w-auto shadow-1" href="/ip/igourmet-French-Raclette-Cheese-2-5-lb-Cut-2-5-pound/149615479?athcpid=149615479&amp;athpgid=AthenaContentPage_4740967&amp;athcgid=null&amp;athznid=ItemCarousel_3a9d8981-0683-454c-9062-4c2ca6bc41aa_items&amp;athieid=v0&amp;athstid=CS020&amp;athguid=s-SwGJlwQKwJx4-cn3aD3PFfAgOp1Vtd9RFT&amp;athancid=null&amp;athena=true" data-pcss-hide="true" aria-label="Options - igourmet French Raclette Cheese - 2.5 lb Cut (2.5 pound)"><span class="mh2">Options</span></a></div></div></div><div class="mt5 mb0" style="height:24px" data-testid="variant-149615479"><div class="f7 lh-solid tc h1 v-mid"><div aria-hidden="true" aria-labelledby="variants-149615479">+13 options</div><span class="w_iUH7" id="variants-149615479">Available in additional 13 options</span></div></div><div data-automation-id="product-price" class="flex flex-wrap justify-start items-center lh-title mb0"><div class="mr1 mr2-xl b black lh-copy f5 f4-l" aria-hidden="true">$83.99</div><span class="w_iUH7">current price $83.99</span></div><div class="f7 f6-l mb2 mb3-l black">Options from $83.99 – $204.99</div><span class=""><span class="w_V_DM" style="-webkit-line-clamp:3;padding-bottom:0em;margin-bottom:-0em"><span data-automation-id="product-title" class="normal dark-gray mb0 mt1 lh-title f6 f5-l">igourmet French Raclette Cheese - 2.5 lb Cut (2.5 pound)</span></span></span><div class="flex items-center mt2"><span class="black inline-flex mr1" data-testid="product-ratings" data-value="5"><i class="ld ld-StarFill" style="font-size:12px;vertical-align:-0.175em;width:12px;height:12px;box-sizing:content-box" aria-hidden="true"></i><i class="ld ld-StarFill" style="font-size:12px;vertical-align:-0.175em;width:12px;height:12px;box-sizing:content-box" aria-hidden="true"></i><i class="ld ld-StarFill" style="font-size:12px;vertical-align:-0.175em;width:12px;height:12px;box-sizing:content-box" aria-hidden="true"></i><i class="ld ld-StarFill" style="font-size:12px;vertical-align:-0.175em;width:12px;height:12px;box-sizing:content-box" aria-hidden="true"></i><i class="ld ld-StarFill" style="font-size:12px;vertical-align:-0.175em;width:12px;height:12px;box-sizing:content-box" aria-hidden="true"></i></span><span class="sans-serif gray f7" aria-hidden="true" data-testid="product-reviews" data-value="8">8</span><span class="w_iUH7">5 out of 5 Stars. 8 reviews</span></div><div></div><div class="mb2 mt2"><span class="w_iUH7">Available for 2-day shipping</span><span class="w_VbBP w_mFV6 w_I_19 w_3oNC w_AAn7 mr1 mt1 ph1" aria-hidden="true">2-day shipping</span></div></div></li><li class="flex flex-column items-center pa1 pr2 pb2" data-slide="4"><div role="group" data-item-id="102196624" class="sans-serif mid-gray relative flex flex-column w-100 h-100 hide-child-opacity" data-testid="product-tile-4" aria-label="Product"><a link-identifier="102196624" class="absolute w-100 h-100 z-1 hide-sibling-opacity" target="" href="/ip/igourmet-The-Best-Spain-Assortment-Includes-Gourmet-Spanish-Ham-Manchego-Cheese-Drunken-Goat-Mahon-Olives-Chocolates-Chorizo-Quince-Paste-Membrillo/102196624?athcpid=102196624&amp;athpgid=AthenaContentPage_4740967&amp;athcgid=null&amp;athznid=ItemCarousel_3a9d8981-0683-454c-9062-4c2ca6bc41aa_items&amp;athieid=v0&amp;athstid=CS020&amp;athguid=s-SwGJlwQKwJx4-cn3aD3PFfAgOp1Vtd9RFT&amp;athancid=null&amp;athena=true"><span class="w_iUH7"><h3>igourmet The Best of Spain Assortment - Includes: Gourmet Spanish Ham, Manchego Cheese, Drunken Goat Cheese, Mahon Cheese, Spanish Olives, Chocolates, Chorizo, and Quince Paste (Membrillo)</h3></span></a><div class="h2 relative mv2"></div><div class="relative"><div class="relative overflow-hidden" style="max-width:226px;height:0;padding-bottom:min(226px, 100%);align-self:center;width:min(226px, 100%)"><img loading="lazy" srcset="https://i5.walmartimages.com/asr/e29a961a-291a-4d0f-9257-1e7267714fde.6d46fdb5045501894ecb948b479ecb35.jpeg?odnHeight=226&amp;odnWidth=226&amp;odnBg=FFFFFF 1x, https://i5.walmartimages.com/asr/e29a961a-291a-4d0f-9257-1e7267714fde.6d46fdb5045501894ecb948b479ecb35.jpeg?odnHeight=576&amp;odnWidth=576&amp;odnBg=FFFFFF 2x" src="https://i5.walmartimages.com/asr/e29a961a-291a-4d0f-9257-1e7267714fde.6d46fdb5045501894ecb948b479ecb35.jpeg?odnHeight=576&amp;odnWidth=576&amp;odnBg=FFFFFF" width="" height="" class="absolute top-0 left-0" data-testid="productTileImage" alt="igourmet The Best of Spain Assortment - Includes: Gourmet Spanish Ham, Manchego Cheese, Drunken Goat Cheese, Mahon Cheese, Spanish Olives, Chocolates, Chorizo, and Quince Paste (Membrillo)"/></div><div class="z-2 absolute bottom--1"><div class="relative dib" data-id="102196624"><button class="w_hhLG w_8nsR w_jDfj pointer bn sans-serif b ph2 flex items-center justify-center w-auto shadow-1" type="button" data-pcss-hide="true" data-automation-id="add-to-cart" aria-label="Add to cart - igourmet The Best of Spain Assortment - Includes: Gourmet Spanish Ham, Manchego Cheese, Drunken Goat Cheese, Mahon Cheese, Spanish Olives, Chocolates, Chorizo, and Quince Paste (Membrillo)"><i class="ld ld-Plus" style="font-size:1.5rem;vertical-align:-0.25em;width:1.5rem;height:1.5rem;box-sizing:content-box" title="add to cart"></i><span class="mr2">Add</span></button></div></div></div><div class="mt5 mb0" style="height:24px" data-testid="variant-102196624"></div><div data-automation-id="product-price" class="flex flex-wrap justify-start items-center lh-title mb1-m"><div class="mr1 mr2-xl b black lh-copy f5 f4-l" aria-hidden="true">$104.98</div><span class="w_iUH7">current price $104.98</span></div><span class=""><span class="w_V_DM" style="-webkit-line-clamp:3;padding-bottom:0em;margin-bottom:-0em"><span data-automation-id="product-title" class="normal dark-gray mb0 mt1 lh-title f6 f5-l">igourmet The Best of Spain Assortment - Includes: Gourmet Spanish Ham, Manchego Cheese, Drunken Goat Cheese, Mahon Cheese, Spanish Olives, Chocolates, Chorizo, and Quince Paste (Membrillo)</span></span></span><div class="flex items-center mt2"><span class="black inline-flex mr1" data-testid="product-ratings" data-value="4.7"><i class="ld ld-StarFill" style="font-size:12px;vertical-align:-0.175em;width:12px;height:12px;box-sizing:content-box" aria-hidden="true"></i><i class="ld ld-StarFill" style="font-size:12px;vertical-align:-0.175em;width:12px;height:12px;box-sizing:content-box" aria-hidden="true"></i><i class="ld ld-StarFill" style="font-size:12px;vertical-align:-0.175em;width:12px;height:12px;box-sizing:content-box" aria-hidden="true"></i><i class="ld ld-StarFill" style="font-size:12px;vertical-align:-0.175em;width:12px;height:12px;box-sizing:content-box" aria-hidden="true"></i><i class="ld ld-StarHalf" style="font-size:12px;vertical-align:-0.175em;width:12px;height:12px;box-sizing:content-box" aria-hidden="true"></i></span><span class="sans-serif gray f7" aria-hidden="true" data-testid="product-reviews" data-value="22">22</span><span class="w_iUH7">4.7 out of 5 Stars. 22 reviews</span></div><div></div><div class="mb2 mt2"><span class="w_iUH7">Available for 2-day shipping</span><span class="w_VbBP w_mFV6 w_I_19 w_3oNC w_AAn7 mr1 mt1 ph1" aria-hidden="true">2-day shipping</span></div></div></li><li class="flex flex-column items-center pa1 pr2 pb2" data-slide="5"><div role="group" data-item-id="901612977" class="sans-serif mid-gray relative flex flex-column w-100 h-100 hide-child-opacity" data-testid="product-tile-5" aria-label="Product"><a link-identifier="901612977" class="absolute w-100 h-100 z-1 hide-sibling-opacity" target="" href="/ip/igourmet-The-Best-Europe-Cheese-Assortment-2-pound-Finest-Gourmet-European-Cheeses-A-Variety-Of-French-Cheese-English-Italian-Spanish/901612977?athcpid=901612977&amp;athpgid=AthenaContentPage_4740967&amp;athcgid=null&amp;athznid=ItemCarousel_3a9d8981-0683-454c-9062-4c2ca6bc41aa_items&amp;athieid=v0&amp;athstid=CS020&amp;athguid=s-SwGJlwQKwJx4-cn3aD3PFfAgOp1Vtd9RFT&amp;athancid=null&amp;athena=true"><span class="w_iUH7"><h3>igourmet The Best of Europe Cheese Assortment (2 pound) - Finest Gourmet European Cheeses - A Variety Of French Cheese, English Cheese, Italian Cheese, and Spanish Cheese</h3></span></a><div class="h2 relative mv2"></div><div class="relative"><div class="relative overflow-hidden" style="max-width:226px;height:0;padding-bottom:min(226px, 100%);align-self:center;width:min(226px, 100%)"><img loading="lazy" srcset="https://i5.walmartimages.com/asr/5a77f259-213b-4b97-a449-f96e211d8249.22fa822b016cc5e4f2ab93ba29aa32ed.jpeg?odnHeight=226&amp;odnWidth=226&amp;odnBg=FFFFFF 1x, https://i5.walmartimages.com/asr/5a77f259-213b-4b97-a449-f96e211d8249.22fa822b016cc5e4f2ab93ba29aa32ed.jpeg?odnHeight=576&amp;odnWidth=576&amp;odnBg=FFFFFF 2x" src="https://i5.walmartimages.com/asr/5a77f259-213b-4b97-a449-f96e211d8249.22fa822b016cc5e4f2ab93ba29aa32ed.jpeg?odnHeight=576&amp;odnWidth=576&amp;odnBg=FFFFFF" width="" height="" class="absolute top-0 left-0" data-testid="productTileImage" alt="igourmet The Best of Europe Cheese Assortment (2 pound) - Finest Gourmet European Cheeses - A Variety Of French Cheese, English Cheese, Italian Cheese, and Spanish Cheese"/></div><div class="z-2 absolute bottom--1"><div class="relative dib" data-id="901612977"><button class="w_hhLG w_8nsR w_jDfj pointer bn sans-serif b ph2 flex items-center justify-center w-auto shadow-1" type="button" data-pcss-hide="true" data-automation-id="add-to-cart" aria-label="Add to cart - igourmet The Best of Europe Cheese Assortment (2 pound) - Finest Gourmet European Cheeses - A Variety Of French Cheese, English Cheese, Italian Cheese, and Spanish Cheese"><i class="ld ld-Plus" style="font-size:1.5rem;vertical-align:-0.25em;width:1.5rem;height:1.5rem;box-sizing:content-box" title="add to cart"></i><span class="mr2">Add</span></button></div></div></div><div class="mt5 mb0" style="height:24px" data-testid="variant-901612977"></div><div data-automation-id="product-price" class="flex flex-wrap justify-start items-center lh-title mb1-m"><div class="mr1 mr2-xl b black lh-copy f5 f4-l" aria-hidden="true">$89.99</div><span class="w_iUH7">current price $89.99</span></div><span class=""><span class="w_V_DM" style="-webkit-line-clamp:3;padding-bottom:0em;margin-bottom:-0em"><span data-automation-id="product-title" class="normal dark-gray mb0 mt1 lh-title f6 f5-l">igourmet The Best of Europe Cheese Assortment (2 pound) - Finest Gourmet European Cheeses - A Variety Of French Cheese, English Cheese, Italian Cheese, and Spanish Cheese</span></span></span><div class="flex items-center mt2"><span class="black inline-flex mr1" data-testid="product-ratings" data-value="4.9"><i class="ld ld-StarFill" style="font-size:12px;vertical-align:-0.175em;width:12px;height:12px;box-sizing:content-box" aria-hidden="true"></i><i class="ld ld-StarFill" style="font-size:12px;vertical-align:-0.175em;width:12px;height:12px;box-sizing:content-box" aria-hidden="true"></i><i class="ld ld-StarFill" style="font-size:12px;vertical-align:-0.175em;width:12px;height:12px;box-sizing:content-box" aria-hidden="true"></i><i class="ld ld-StarFill" style="font-size:12px;vertical-align:-0.175em;width:12px;height:12px;box-sizing:content-box" aria-hidden="true"></i><i class="ld ld-StarFill" style="font-size:12px;vertical-align:-0.175em;width:12px;height:12px;box-sizing:content-box" aria-hidden="true"></i></span><span class="sans-serif gray f7" aria-hidden="true" data-testid="product-reviews" data-value="20">20</span><span class="w_iUH7">4.9 out of 5 Stars. 20 reviews</span></div><div></div><div class="mb2 mt2"><span class="w_iUH7">Available for 2-day shipping</span><span class="w_VbBP w_mFV6 w_I_19 w_3oNC w_AAn7 mr1 mt1 ph1" aria-hidden="true">2-day shipping</span></div></div></li></ul><a link-identifier="horizontalScrollerNext" class="absolute dn z-5 bg-white br-100 pa0 pointer db-l br-100 nav-control right-1" aria-label="Next slide for Product Carousel list" data-testid="horizontal-scroller-next" role="button"><i class="ld ld-ChevronRight" style="font-size:1.5rem;vertical-align:-0.25em;padding:12px;width:1.5rem;height:1.5rem;box-sizing:content-box"></i></a></div></section></section></div> <div class="mv3 mv4-xl ml3 ml0-l bb b--near-white"><section><section><header class="flex justify-between mb3 mb2-m pr3 pr4-m pr0-xl items-baseline"><section style="flex:1"><div><div><div class="inline-flex "><h2 class="f4 f3-m lh-title ma0 ">Add the sweets</h2></div></div></div></section><a link-identifier="Shop All" class="black f6" href="https://www.walmart.com/cp/bakery-cookies/1951361?povid=976759_itemcarousel_4740967_Addthesweets_Shopall_Rweb_Jun_14">Shop All</a></header><div class="flex flex-column justify-center relative" data-testid="horizontal-scroller-Product Carousel"><a link-identifier="horizontalScrollerPrevious" class="absolute dn z-5 bg-white br-100 pa0 pointer hidden-child br-100 nav-control left-1" aria-label="Previous slide for Product Carousel list" data-testid="horizontal-scroller-previous" role="button"><i class="ld ld-ChevronLeft" style="font-size:1.5rem;vertical-align:-0.25em;padding:12px;width:1.5rem;height:1.5rem;box-sizing:content-box"></i></a><ul style="display:grid;grid-auto-flow:column;scroll-snap-type:x mandatory;max-height:fit-content" class="list ma0 pl0 overflow-x-scroll hidesb hidesb-wk relative overflow-y-hidden carousel-peek-2 carousel-6-l carousel-3-m pr3-m" data-testid="carousel-container"><li class="flex flex-column items-center pa1 pr2 pb2" data-slide="0"><div role="group" data-item-id="1625039634" class="sans-serif mid-gray relative flex flex-column w-100 h-100 hide-child-opacity" data-testid="product-tile-0" aria-label="Product"><a link-identifier="1625039634" class="absolute w-100 h-100 z-1 hide-sibling-opacity" target="" href="/ip/Marketside-Bite-Sized-Ultimate-Chocolate-Brownies-13-3-oz-12-Count-Shelf-Stable-Ambient/1625039634?athcpid=1625039634&amp;athpgid=AthenaContentPage_4740967&amp;athcgid=null&amp;athznid=ItemCarousel_ad7fdbd1-9c17-4527-bfe2-e3f19068f206_items&amp;athieid=v0&amp;athstid=CS020&amp;athguid=s-SwGJlwQKwJx4-cn3aD3PFfAgOp1Vtd9RFT&amp;athancid=null&amp;athena=true&amp;athbdg=L1600"><span class="w_iUH7"><h3>Marketside Bite Sized Ultimate Chocolate Brownies, 13.3 oz, 12 Count, Shelf-Stable/Ambient</h3></span></a><div class="h2 relative mv2"><span class="w_VbBP w_mFV6 w_awtt w_3oNC w_3H8O tag-leading-badge absolute">Best seller</span></div><div class="relative"><div class="relative overflow-hidden" style="max-width:226px;height:0;padding-bottom:min(226px, 100%);align-self:center;width:min(226px, 100%)"><img loading="lazy" srcset="https://i5.walmartimages.com/asr/1e45d970-fdac-4fdb-b16e-6da531ba6bd7.9cb878dbf97bb1f25e3629fbdb6af26a.jpeg?odnHeight=226&amp;odnWidth=226&amp;odnBg=FFFFFF 1x, https://i5.walmartimages.com/asr/1e45d970-fdac-4fdb-b16e-6da531ba6bd7.9cb878dbf97bb1f25e3629fbdb6af26a.jpeg?odnHeight=576&amp;odnWidth=576&amp;odnBg=FFFFFF 2x" src="https://i5.walmartimages.com/asr/1e45d970-fdac-4fdb-b16e-6da531ba6bd7.9cb878dbf97bb1f25e3629fbdb6af26a.jpeg?odnHeight=576&amp;odnWidth=576&amp;odnBg=FFFFFF" width="" height="" class="absolute top-0 left-0" data-testid="productTileImage" alt="Marketside Bite Sized Ultimate Chocolate Brownies, 13.3 oz, 12 Count, Shelf-Stable/Ambient"/></div><div class="z-2 absolute bottom--1"><div class="relative dib" data-id="1625039634"><button class="w_hhLG w_8nsR w_jDfj pointer bn sans-serif b ph2 flex items-center justify-center w-auto shadow-1" type="button" data-pcss-hide="true" data-automation-id="add-to-cart" aria-label="Add to cart - Marketside Bite Sized Ultimate Chocolate Brownies, 13.3 oz, 12 Count, Shelf-Stable/Ambient"><i class="ld ld-Plus" style="font-size:1.5rem;vertical-align:-0.25em;width:1.5rem;height:1.5rem;box-sizing:content-box" title="add to cart"></i><span class="mr2">Add</span></button></div></div></div><div class="mt5 mb0" style="height:24px" data-testid="variant-1625039634"></div><div data-automation-id="product-price" class="flex flex-wrap justify-start items-center lh-title mb1-m"><div class="mr1 mr2-xl b black lh-copy f5 f4-l" aria-hidden="true">$5.83</div><span class="w_iUH7">current price $5.83</span><div class="gray mr1 f7 f6-l">43.8 ¢/oz</div></div><span class=""><span class="w_V_DM" style="-webkit-line-clamp:3;padding-bottom:0em;margin-bottom:-0em"><span data-automation-id="product-title" class="normal dark-gray mb0 mt1 lh-title f6 f5-l">Marketside Bite Sized Ultimate Chocolate Brownies, 13.3 oz, 12 Count, Shelf-Stable/Ambient</span></span></span><div class="flex items-center mt2"><span class="black inline-flex mr1" data-testid="product-ratings" data-value="4.2"><i class="ld ld-StarFill" style="font-size:12px;vertical-align:-0.175em;width:12px;height:12px;box-sizing:content-box" aria-hidden="true"></i><i class="ld ld-StarFill" style="font-size:12px;vertical-align:-0.175em;width:12px;height:12px;box-sizing:content-box" aria-hidden="true"></i><i class="ld ld-StarFill" style="font-size:12px;vertical-align:-0.175em;width:12px;height:12px;box-sizing:content-box" aria-hidden="true"></i><i class="ld ld-StarFill" style="font-size:12px;vertical-align:-0.175em;width:12px;height:12px;box-sizing:content-box" aria-hidden="true"></i><i class="ld ld-Star" style="font-size:12px;vertical-align:-0.175em;width:12px;height:12px;box-sizing:content-box" aria-hidden="true"></i></span><span class="sans-serif gray f7" aria-hidden="true" data-testid="product-reviews" data-value="72">72</span><span class="w_iUH7">4.2 out of 5 Stars. 72 reviews</span></div><div></div><div class="mb2 mt2"><span class="w_iUH7">Available for Pickup or Delivery</span><span class="w_VbBP w_mFV6 w_I_19 w_3oNC w_AAn7 mr1 mt1 ph1" aria-hidden="true">Pickup</span><span class="w_VbBP w_mFV6 w_I_19 w_3oNC w_AAn7 mr1 mt1 ph1" aria-hidden="true">Delivery</span></div></div></li><li class="flex flex-column items-center pa1 pr2 pb2" data-slide="1"><div role="group" data-item-id="469224052" class="sans-serif mid-gray relative flex flex-column w-100 h-100 hide-child-opacity" data-testid="product-tile-1" aria-label="Product"><a link-identifier="469224052" class="absolute w-100 h-100 z-1 hide-sibling-opacity" target="" href="/ip/Marketside-Chocolate-Cannoli-7-5-oz-5-Count-Tray-Refrigerated/469224052?athcpid=469224052&amp;athpgid=AthenaContentPage_4740967&amp;athcgid=null&amp;athznid=ItemCarousel_ad7fdbd1-9c17-4527-bfe2-e3f19068f206_items&amp;athieid=v0&amp;athstid=CS020&amp;athguid=s-SwGJlwQKwJx4-cn3aD3PFfAgOp1Vtd9RFT&amp;athancid=null&amp;athena=true"><span class="w_iUH7"><h3>Marketside Chocolate Cannoli, 7.5 oz, 5 Count Tray, Refrigerated</h3></span></a><div class="h2 relative mv2"></div><div class="relative"><div class="relative overflow-hidden" style="max-width:226px;height:0;padding-bottom:min(226px, 100%);align-self:center;width:min(226px, 100%)"><img loading="lazy" srcset="https://i5.walmartimages.com/asr/9cfda55b-23d8-4ea2-b968-6dcbabef36f9.ec82dbc7a5408da5f9c3db16bf41c61d.jpeg?odnHeight=226&amp;odnWidth=226&amp;odnBg=FFFFFF 1x, https://i5.walmartimages.com/asr/9cfda55b-23d8-4ea2-b968-6dcbabef36f9.ec82dbc7a5408da5f9c3db16bf41c61d.jpeg?odnHeight=576&amp;odnWidth=576&amp;odnBg=FFFFFF 2x" src="https://i5.walmartimages.com/asr/9cfda55b-23d8-4ea2-b968-6dcbabef36f9.ec82dbc7a5408da5f9c3db16bf41c61d.jpeg?odnHeight=576&amp;odnWidth=576&amp;odnBg=FFFFFF" width="" height="" class="absolute top-0 left-0" data-testid="productTileImage" alt="Marketside Chocolate Cannoli, 7.5 oz, 5 Count Tray, Refrigerated"/></div><div class="z-2 absolute bottom--1"><div class="relative dib" data-id="469224052"><button class="w_hhLG w_8nsR w_jDfj pointer bn sans-serif b ph2 flex items-center justify-center w-auto shadow-1" type="button" data-pcss-hide="true" data-automation-id="add-to-cart" aria-label="Add to cart - Marketside Chocolate Cannoli, 7.5 oz, 5 Count Tray, Refrigerated"><i class="ld ld-Plus" style="font-size:1.5rem;vertical-align:-0.25em;width:1.5rem;height:1.5rem;box-sizing:content-box" title="add to cart"></i><span class="mr2">Add</span></button></div></div></div><div class="mt5 mb0" style="height:24px" data-testid="variant-469224052"></div><div data-automation-id="product-price" class="flex flex-wrap justify-start items-center lh-title mb1-m"><div class="mr1 mr2-xl b black lh-copy f5 f4-l" aria-hidden="true">$3.98</div><span class="w_iUH7">current price $3.98</span><div class="gray mr1 f7 f6-l">53.1 ¢/oz</div></div><span class=""><span class="w_V_DM" style="-webkit-line-clamp:3;padding-bottom:0em;margin-bottom:-0em"><span data-automation-id="product-title" class="normal dark-gray mb0 mt1 lh-title f6 f5-l">Marketside Chocolate Cannoli, 7.5 oz, 5 Count Tray, Refrigerated</span></span></span><div class="flex items-center mt2"><span class="black inline-flex mr1" data-testid="product-ratings" data-value="3.4"><i class="ld ld-StarFill" style="font-size:12px;vertical-align:-0.175em;width:12px;height:12px;box-sizing:content-box" aria-hidden="true"></i><i class="ld ld-StarFill" style="font-size:12px;vertical-align:-0.175em;width:12px;height:12px;box-sizing:content-box" aria-hidden="true"></i><i class="ld ld-StarFill" style="font-size:12px;vertical-align:-0.175em;width:12px;height:12px;box-sizing:content-box" aria-hidden="true"></i><i class="ld ld-StarHalf" style="font-size:12px;vertical-align:-0.175em;width:12px;height:12px;box-sizing:content-box" aria-hidden="true"></i><i class="ld ld-Star" style="font-size:12px;vertical-align:-0.175em;width:12px;height:12px;box-sizing:content-box" aria-hidden="true"></i></span><span class="sans-serif gray f7" aria-hidden="true" data-testid="product-reviews" data-value="149">149</span><span class="w_iUH7">3.4 out of 5 Stars. 149 reviews</span></div><div></div><div class="mb2 mt2"><span class="w_iUH7">Available for Pickup or Delivery</span><span class="w_VbBP w_mFV6 w_I_19 w_3oNC w_AAn7 mr1 mt1 ph1" aria-hidden="true">Pickup</span><span class="w_VbBP w_mFV6 w_I_19 w_3oNC w_AAn7 mr1 mt1 ph1" aria-hidden="true">Delivery</span></div></div></li><li class="flex flex-column items-center pa1 pr2 pb2" data-slide="2"><div role="group" data-item-id="1723680470" class="sans-serif mid-gray relative flex flex-column w-100 h-100 hide-child-opacity" data-testid="product-tile-2" aria-label="Product"><a link-identifier="1723680470" class="absolute w-100 h-100 z-1 hide-sibling-opacity" target="" href="/ip/Marketside-Bite-Sized-Candy-Cookies-12-oz-48-Count/1723680470?athcpid=1723680470&amp;athpgid=AthenaContentPage_4740967&amp;athcgid=null&amp;athznid=ItemCarousel_ad7fdbd1-9c17-4527-bfe2-e3f19068f206_items&amp;athieid=v0&amp;athstid=CS020&amp;athguid=s-SwGJlwQKwJx4-cn3aD3PFfAgOp1Vtd9RFT&amp;athancid=null&amp;athena=true"><span class="w_iUH7"><h3>Marketside Bite Sized Candy Cookies, 12 oz, 48 Count</h3></span></a><div class="h2 relative mv2"></div><div class="relative"><div class="relative overflow-hidden" style="max-width:226px;height:0;padding-bottom:min(226px, 100%);align-self:center;width:min(226px, 100%)"><img loading="lazy" srcset="https://i5.walmartimages.com/asr/24102f57-6fbf-452c-b0e6-8b0b420c978a.93ce1f0e457b0e4551d41f97a385adda.jpeg?odnHeight=226&amp;odnWidth=226&amp;odnBg=FFFFFF 1x, https://i5.walmartimages.com/asr/24102f57-6fbf-452c-b0e6-8b0b420c978a.93ce1f0e457b0e4551d41f97a385adda.jpeg?odnHeight=576&amp;odnWidth=576&amp;odnBg=FFFFFF 2x" src="https://i5.walmartimages.com/asr/24102f57-6fbf-452c-b0e6-8b0b420c978a.93ce1f0e457b0e4551d41f97a385adda.jpeg?odnHeight=576&amp;odnWidth=576&amp;odnBg=FFFFFF" width="" height="" class="absolute top-0 left-0" data-testid="productTileImage" alt="Marketside Bite Sized Candy Cookies, 12 oz, 48 Count"/></div><div class="z-2 absolute bottom--1"><div class="relative dib" data-id="1723680470"><button class="w_hhLG w_8nsR w_jDfj pointer bn sans-serif b ph2 flex items-center justify-center w-auto shadow-1" type="button" data-pcss-hide="true" data-automation-id="add-to-cart" aria-label="Add to cart - Marketside Bite Sized Candy Cookies, 12 oz, 48 Count"><i class="ld ld-Plus" style="font-size:1.5rem;vertical-align:-0.25em;width:1.5rem;height:1.5rem;box-sizing:content-box" title="add to cart"></i><span class="mr2">Add</span></button></div></div></div><div class="mt5 mb0" style="height:24px" data-testid="variant-1723680470"></div><div data-automation-id="product-price" class="flex flex-wrap justify-start items-center lh-title mb1-m"><div class="mr1 mr2-xl b black lh-copy f5 f4-l" aria-hidden="true">$5.87</div><span class="w_iUH7">current price $5.87</span><div class="gray mr1 f7 f6-l">48.9 ¢/oz</div></div><span class=""><span class="w_V_DM" style="-webkit-line-clamp:3;padding-bottom:0em;margin-bottom:-0em"><span data-automation-id="product-title" class="normal dark-gray mb0 mt1 lh-title f6 f5-l">Marketside Bite Sized Candy Cookies, 12 oz, 48 Count</span></span></span><div class="flex items-center mt2"><span class="black inline-flex mr1" data-testid="product-ratings" data-value="3.9"><i class="ld ld-StarFill" style="font-size:12px;vertical-align:-0.175em;width:12px;height:12px;box-sizing:content-box" aria-hidden="true"></i><i class="ld ld-StarFill" style="font-size:12px;vertical-align:-0.175em;width:12px;height:12px;box-sizing:content-box" aria-hidden="true"></i><i class="ld ld-StarFill" style="font-size:12px;vertical-align:-0.175em;width:12px;height:12px;box-sizing:content-box" aria-hidden="true"></i><i class="ld ld-StarFill" style="font-size:12px;vertical-align:-0.175em;width:12px;height:12px;box-sizing:content-box" aria-hidden="true"></i><i class="ld ld-Star" style="font-size:12px;vertical-align:-0.175em;width:12px;height:12px;box-sizing:content-box" aria-hidden="true"></i></span><span class="sans-serif gray f7" aria-hidden="true" data-testid="product-reviews" data-value="15">15</span><span class="w_iUH7">3.9 out of 5 Stars. 15 reviews</span></div><div></div><div class="mb2 mt2"><span class="w_iUH7">Available for Pickup or Delivery</span><span class="w_VbBP w_mFV6 w_I_19 w_3oNC w_AAn7 mr1 mt1 ph1" aria-hidden="true">Pickup</span><span class="w_VbBP w_mFV6 w_I_19 w_3oNC w_AAn7 mr1 mt1 ph1" aria-hidden="true">Delivery</span></div></div></li><li class="flex flex-column items-center pa1 pr2 pb2" data-slide="3"><div role="group" data-item-id="827500391" class="sans-serif mid-gray relative flex flex-column w-100 h-100 hide-child-opacity" data-testid="product-tile-3" aria-label="Product"><a link-identifier="827500391" class="absolute w-100 h-100 z-1 hide-sibling-opacity" target="" href="/ip/Freshness-Guaranteed-Fresh-Thumbprint-Cookies-17-5-oz/827500391?athcpid=827500391&amp;athpgid=AthenaContentPage_4740967&amp;athcgid=null&amp;athznid=ItemCarousel_ad7fdbd1-9c17-4527-bfe2-e3f19068f206_items&amp;athieid=v0&amp;athstid=CS020&amp;athguid=s-SwGJlwQKwJx4-cn3aD3PFfAgOp1Vtd9RFT&amp;athancid=null&amp;athena=true"><span class="w_iUH7"><h3>Freshness Guaranteed Fresh Thumbprint Cookies, 17.5 oz</h3></span></a><div class="h2 relative mv2"></div><div class="relative"><div class="relative overflow-hidden" style="max-width:226px;height:0;padding-bottom:min(226px, 100%);align-self:center;width:min(226px, 100%)"><img loading="lazy" srcset="https://i5.walmartimages.com/asr/e2d8c1f2-a884-4ecf-8809-bb3713fae095.a151a38e2a1ae0ce638c393bff1c10f0.jpeg?odnHeight=226&amp;odnWidth=226&amp;odnBg=FFFFFF 1x, https://i5.walmartimages.com/asr/e2d8c1f2-a884-4ecf-8809-bb3713fae095.a151a38e2a1ae0ce638c393bff1c10f0.jpeg?odnHeight=576&amp;odnWidth=576&amp;odnBg=FFFFFF 2x" src="https://i5.walmartimages.com/asr/e2d8c1f2-a884-4ecf-8809-bb3713fae095.a151a38e2a1ae0ce638c393bff1c10f0.jpeg?odnHeight=576&amp;odnWidth=576&amp;odnBg=FFFFFF" width="" height="" class="absolute top-0 left-0" data-testid="productTileImage" alt="Freshness Guaranteed Fresh Thumbprint Cookies, 17.5 oz"/></div><div class="z-2 absolute bottom--1"><div class="relative dib" data-id="827500391"><button class="w_hhLG w_8nsR w_jDfj pointer bn sans-serif b ph2 flex items-center justify-center w-auto shadow-1" type="button" data-pcss-hide="true" data-automation-id="add-to-cart" aria-label="Add to cart - Freshness Guaranteed Fresh Thumbprint Cookies, 17.5 oz"><i class="ld ld-Plus" style="font-size:1.5rem;vertical-align:-0.25em;width:1.5rem;height:1.5rem;box-sizing:content-box" title="add to cart"></i><span class="mr2">Add</span></button></div></div></div><div class="mt5 mb0" style="height:24px" data-testid="variant-827500391"></div><div data-automation-id="product-price" class="flex flex-wrap justify-start items-center lh-title mb1-m"><div class="mr1 mr2-xl b black lh-copy f5 f4-l" aria-hidden="true">$6.47</div><span class="w_iUH7">current price $6.47</span><div class="gray mr1 f7 f6-l">37.0 ¢/oz</div></div><span class=""><span class="w_V_DM" style="-webkit-line-clamp:3;padding-bottom:0em;margin-bottom:-0em"><span data-automation-id="product-title" class="normal dark-gray mb0 mt1 lh-title f6 f5-l">Freshness Guaranteed Fresh Thumbprint Cookies, 17.5 oz</span></span></span><div class="flex items-center mt2"><span class="black inline-flex mr1" data-testid="product-ratings" data-value="3.4"><i class="ld ld-StarFill" style="font-size:12px;vertical-align:-0.175em;width:12px;height:12px;box-sizing:content-box" aria-hidden="true"></i><i class="ld ld-StarFill" style="font-size:12px;vertical-align:-0.175em;width:12px;height:12px;box-sizing:content-box" aria-hidden="true"></i><i class="ld ld-StarFill" style="font-size:12px;vertical-align:-0.175em;width:12px;height:12px;box-sizing:content-box" aria-hidden="true"></i><i class="ld ld-StarHalf" style="font-size:12px;vertical-align:-0.175em;width:12px;height:12px;box-sizing:content-box" aria-hidden="true"></i><i class="ld ld-Star" style="font-size:12px;vertical-align:-0.175em;width:12px;height:12px;box-sizing:content-box" aria-hidden="true"></i></span><span class="sans-serif gray f7" aria-hidden="true" data-testid="product-reviews" data-value="53">53</span><span class="w_iUH7">3.4 out of 5 Stars. 53 reviews</span></div><div></div><div class="mb2 mt2"><span class="w_iUH7">Available for Pickup or Delivery</span><span class="w_VbBP w_mFV6 w_I_19 w_3oNC w_AAn7 mr1 mt1 ph1" aria-hidden="true">Pickup</span><span class="w_VbBP w_mFV6 w_I_19 w_3oNC w_AAn7 mr1 mt1 ph1" aria-hidden="true">Delivery</span></div></div></li><li class="flex flex-column items-center pa1 pr2 pb2" data-slide="4"><div role="group" data-item-id="479327861" class="sans-serif mid-gray relative flex flex-column w-100 h-100 hide-child-opacity" data-testid="product-tile-4" aria-label="Product"><a link-identifier="479327861" class="absolute w-100 h-100 z-1 hide-sibling-opacity" target="" href="/ip/Freshness-Guaranteed-Peanut-Butter-Snack-Mix-Bowl-12-oz/479327861?athcpid=479327861&amp;athpgid=AthenaContentPage_4740967&amp;athcgid=null&amp;athznid=ItemCarousel_ad7fdbd1-9c17-4527-bfe2-e3f19068f206_items&amp;athieid=v0&amp;athstid=CS020&amp;athguid=s-SwGJlwQKwJx4-cn3aD3PFfAgOp1Vtd9RFT&amp;athancid=null&amp;athena=true"><span class="w_iUH7"><h3>Freshness Guaranteed Peanut Butter Snack Mix Bowl,12 oz</h3></span></a><div class="h2 relative mv2"></div><div class="relative"><div class="relative overflow-hidden" style="max-width:226px;height:0;padding-bottom:min(226px, 100%);align-self:center;width:min(226px, 100%)"><img loading="lazy" srcset="https://i5.walmartimages.com/asr/b1e357a8-6110-4c24-8ddd-bc5135dbedcb.16e30746eeb25401bcb8a5a02c8c59c8.jpeg?odnHeight=226&amp;odnWidth=226&amp;odnBg=FFFFFF 1x, https://i5.walmartimages.com/asr/b1e357a8-6110-4c24-8ddd-bc5135dbedcb.16e30746eeb25401bcb8a5a02c8c59c8.jpeg?odnHeight=576&amp;odnWidth=576&amp;odnBg=FFFFFF 2x" src="https://i5.walmartimages.com/asr/b1e357a8-6110-4c24-8ddd-bc5135dbedcb.16e30746eeb25401bcb8a5a02c8c59c8.jpeg?odnHeight=576&amp;odnWidth=576&amp;odnBg=FFFFFF" width="" height="" class="absolute top-0 left-0" data-testid="productTileImage" alt="Freshness Guaranteed Peanut Butter Snack Mix Bowl,12 oz"/></div><div class="z-2 absolute bottom--1"><div class="relative dib" data-id="479327861"><button class="w_hhLG w_8nsR w_jDfj pointer bn sans-serif b ph2 flex items-center justify-center w-auto shadow-1" type="button" data-pcss-hide="true" data-automation-id="add-to-cart" aria-label="Add to cart - Freshness Guaranteed Peanut Butter Snack Mix Bowl,12 oz"><i class="ld ld-Plus" style="font-size:1.5rem;vertical-align:-0.25em;width:1.5rem;height:1.5rem;box-sizing:content-box" title="add to cart"></i><span class="mr2">Add</span></button></div></div></div><div class="mt5 mb0" style="height:24px" data-testid="variant-479327861"></div><div data-automation-id="product-price" class="flex flex-wrap justify-start items-center lh-title mb1-m"><div class="mr1 mr2-xl b black lh-copy f5 f4-l" aria-hidden="true">$6.47</div><span class="w_iUH7">current price $6.47</span><div class="gray mr1 f7 f6-l">53.9 ¢/oz</div></div><span class=""><span class="w_V_DM" style="-webkit-line-clamp:3;padding-bottom:0em;margin-bottom:-0em"><span data-automation-id="product-title" class="normal dark-gray mb0 mt1 lh-title f6 f5-l">Freshness Guaranteed Peanut Butter Snack Mix Bowl,12 oz</span></span></span><div class="flex items-center mt2"><span class="black inline-flex mr1" data-testid="product-ratings" data-value="2.7"><i class="ld ld-StarFill" style="font-size:12px;vertical-align:-0.175em;width:12px;height:12px;box-sizing:content-box" aria-hidden="true"></i><i class="ld ld-StarFill" style="font-size:12px;vertical-align:-0.175em;width:12px;height:12px;box-sizing:content-box" aria-hidden="true"></i><i class="ld ld-StarHalf" style="font-size:12px;vertical-align:-0.175em;width:12px;height:12px;box-sizing:content-box" aria-hidden="true"></i><i class="ld ld-Star" style="font-size:12px;vertical-align:-0.175em;width:12px;height:12px;box-sizing:content-box" aria-hidden="true"></i><i class="ld ld-Star" style="font-size:12px;vertical-align:-0.175em;width:12px;height:12px;box-sizing:content-box" aria-hidden="true"></i></span><span class="sans-serif gray f7" aria-hidden="true" data-testid="product-reviews" data-value="34">34</span><span class="w_iUH7">2.7 out of 5 Stars. 34 reviews</span></div><div></div><div class="mb2 mt2"><span class="w_iUH7">Available for Pickup or Delivery</span><span class="w_VbBP w_mFV6 w_I_19 w_3oNC w_AAn7 mr1 mt1 ph1" aria-hidden="true">Pickup</span><span class="w_VbBP w_mFV6 w_I_19 w_3oNC w_AAn7 mr1 mt1 ph1" aria-hidden="true">Delivery</span></div></div></li><li class="flex flex-column items-center pa1 pr2 pb2" data-slide="5"><div role="group" data-item-id="1927603117" class="sans-serif mid-gray relative flex flex-column w-100 h-100 hide-child-opacity" data-testid="product-tile-5" aria-label="Product"><a link-identifier="1927603117" class="absolute w-100 h-100 z-1 hide-sibling-opacity" target="" href="/ip/Freshness-Guaranteed-Peanut-Butter-No-Bake-Cookies-12-38-oz/1927603117?athcpid=1927603117&amp;athpgid=AthenaContentPage_4740967&amp;athcgid=null&amp;athznid=ItemCarousel_ad7fdbd1-9c17-4527-bfe2-e3f19068f206_items&amp;athieid=v0&amp;athstid=CS020&amp;athguid=s-SwGJlwQKwJx4-cn3aD3PFfAgOp1Vtd9RFT&amp;athancid=null&amp;athena=true"><span class="w_iUH7"><h3>Freshness Guaranteed Peanut Butter No Bake Cookies, 12.38 oz</h3></span></a><div class="h2 relative mv2"></div><div class="relative"><div class="relative overflow-hidden" style="max-width:226px;height:0;padding-bottom:min(226px, 100%);align-self:center;width:min(226px, 100%)"><img loading="lazy" srcset="https://i5.walmartimages.com/asr/bb2d6f8d-7928-489d-b9ac-c56a7d5c1d56.7b06152918c9a74ee42ea67c61e5f8b3.jpeg?odnHeight=226&amp;odnWidth=226&amp;odnBg=FFFFFF 1x, https://i5.walmartimages.com/asr/bb2d6f8d-7928-489d-b9ac-c56a7d5c1d56.7b06152918c9a74ee42ea67c61e5f8b3.jpeg?odnHeight=576&amp;odnWidth=576&amp;odnBg=FFFFFF 2x" src="https://i5.walmartimages.com/asr/bb2d6f8d-7928-489d-b9ac-c56a7d5c1d56.7b06152918c9a74ee42ea67c61e5f8b3.jpeg?odnHeight=576&amp;odnWidth=576&amp;odnBg=FFFFFF" width="" height="" class="absolute top-0 left-0" data-testid="productTileImage" alt="Freshness Guaranteed Peanut Butter No Bake Cookies, 12.38 oz"/></div><div class="z-2 absolute bottom--1"><div class="relative dib" data-id="1927603117"><button class="w_hhLG w_8nsR w_jDfj pointer bn sans-serif b ph2 flex items-center justify-center w-auto shadow-1" type="button" data-pcss-hide="true" data-automation-id="add-to-cart" aria-label="Add to cart - Freshness Guaranteed Peanut Butter No Bake Cookies, 12.38 oz"><i class="ld ld-Plus" style="font-size:1.5rem;vertical-align:-0.25em;width:1.5rem;height:1.5rem;box-sizing:content-box" title="add to cart"></i><span class="mr2">Add</span></button></div></div></div><div class="mt5 mb0" style="height:24px" data-testid="variant-1927603117"></div><div data-automation-id="product-price" class="flex flex-wrap justify-start items-center lh-title mb1-m"><div class="mr1 mr2-xl b black lh-copy f5 f4-l" aria-hidden="true">$4.48</div><span class="w_iUH7">current price $4.48</span><div class="gray mr1 f7 f6-l">36.2 ¢/oz</div></div><span class=""><span class="w_V_DM" style="-webkit-line-clamp:3;padding-bottom:0em;margin-bottom:-0em"><span data-automation-id="product-title" class="normal dark-gray mb0 mt1 lh-title f6 f5-l">Freshness Guaranteed Peanut Butter No Bake Cookies, 12.38 oz</span></span></span><div class="flex items-center mt2"><span class="black inline-flex mr1" data-testid="product-ratings" data-value="3.3"><i class="ld ld-StarFill" style="font-size:12px;vertical-align:-0.175em;width:12px;height:12px;box-sizing:content-box" aria-hidden="true"></i><i class="ld ld-StarFill" style="font-size:12px;vertical-align:-0.175em;width:12px;height:12px;box-sizing:content-box" aria-hidden="true"></i><i class="ld ld-StarFill" style="font-size:12px;vertical-align:-0.175em;width:12px;height:12px;box-sizing:content-box" aria-hidden="true"></i><i class="ld ld-StarHalf" style="font-size:12px;vertical-align:-0.175em;width:12px;height:12px;box-sizing:content-box" aria-hidden="true"></i><i class="ld ld-Star" style="font-size:12px;vertical-align:-0.175em;width:12px;height:12px;box-sizing:content-box" aria-hidden="true"></i></span><span class="sans-serif gray f7" aria-hidden="true" data-testid="product-reviews" data-value="32">32</span><span class="w_iUH7">3.3 out of 5 Stars. 32 reviews</span></div><div></div><div class="mb2 mt2"><span class="w_iUH7">Available for Pickup or Delivery</span><span class="w_VbBP w_mFV6 w_I_19 w_3oNC w_AAn7 mr1 mt1 ph1" aria-hidden="true">Pickup</span><span class="w_VbBP w_mFV6 w_I_19 w_3oNC w_AAn7 mr1 mt1 ph1" aria-hidden="true">Delivery</span></div></div></li><li class="flex flex-column items-center pa1 pr2 pb2" data-slide="6"><div role="group" data-item-id="793858240" class="sans-serif mid-gray relative flex flex-column w-100 h-100 hide-child-opacity" data-testid="product-tile-6" aria-label="Product"><a link-identifier="793858240" class="absolute w-100 h-100 z-1 hide-sibling-opacity" target="" href="/ip/Freshness-Guaranteed-Mini-Eclairs-9-75-oz-5-Count-Fresh-Bakery-Shelf-Stable-Ambient-Clam-shell/793858240?athcpid=793858240&amp;athpgid=AthenaContentPage_4740967&amp;athcgid=null&amp;athznid=ItemCarousel_ad7fdbd1-9c17-4527-bfe2-e3f19068f206_items&amp;athieid=v0&amp;athstid=CS020&amp;athguid=s-SwGJlwQKwJx4-cn3aD3PFfAgOp1Vtd9RFT&amp;athancid=null&amp;athena=true&amp;athbdg=L1600"><span class="w_iUH7"><h3>Freshness Guaranteed Mini Eclairs, 9.75 oz, 5 Count, Fresh Bakery, Shelf-Stable/ Ambient, Clam shell</h3></span></a><div class="h2 relative mv2"><span class="w_VbBP w_mFV6 w_awtt w_3oNC w_3H8O tag-leading-badge absolute">Best seller</span></div><div class="relative"><div class="relative overflow-hidden" style="max-width:226px;height:0;padding-bottom:min(226px, 100%);align-self:center;width:min(226px, 100%)"><img loading="lazy" srcset="https://i5.walmartimages.com/asr/a9f27c06-15e4-442e-a09f-3bbfd9ba8bb9.3fecb2713ea8255d42a9b70c7881abf3.jpeg?odnHeight=226&amp;odnWidth=226&amp;odnBg=FFFFFF 1x, https://i5.walmartimages.com/asr/a9f27c06-15e4-442e-a09f-3bbfd9ba8bb9.3fecb2713ea8255d42a9b70c7881abf3.jpeg?odnHeight=576&amp;odnWidth=576&amp;odnBg=FFFFFF 2x" src="https://i5.walmartimages.com/asr/a9f27c06-15e4-442e-a09f-3bbfd9ba8bb9.3fecb2713ea8255d42a9b70c7881abf3.jpeg?odnHeight=576&amp;odnWidth=576&amp;odnBg=FFFFFF" width="" height="" class="absolute top-0 left-0" data-testid="productTileImage" alt="Freshness Guaranteed Mini Eclairs, 9.75 oz, 5 Count, Fresh Bakery, Shelf-Stable/ Ambient, Clam shell"/></div><div class="z-2 absolute bottom--1"><div class="relative dib" data-id="793858240"><button class="w_hhLG w_8nsR w_jDfj pointer bn sans-serif b ph2 flex items-center justify-center w-auto shadow-1" type="button" data-pcss-hide="true" data-automation-id="add-to-cart" aria-label="Add to cart - Freshness Guaranteed Mini Eclairs, 9.75 oz, 5 Count, Fresh Bakery, Shelf-Stable/ Ambient, Clam shell"><i class="ld ld-Plus" style="font-size:1.5rem;vertical-align:-0.25em;width:1.5rem;height:1.5rem;box-sizing:content-box" title="add to cart"></i><span class="mr2">Add</span></button></div></div></div><div class="mt5 mb0" style="height:24px" data-testid="variant-793858240"></div><div data-automation-id="product-price" class="flex flex-wrap justify-start items-center lh-title mb1-m"><div class="mr1 mr2-xl b black lh-copy f5 f4-l" aria-hidden="true">$3.47</div><span class="w_iUH7">current price $3.47</span><div class="gray mr1 f7 f6-l">35.6 ¢/oz</div></div><span class=""><span class="w_V_DM" style="-webkit-line-clamp:3;padding-bottom:0em;margin-bottom:-0em"><span data-automation-id="product-title" class="normal dark-gray mb0 mt1 lh-title f6 f5-l">Freshness Guaranteed Mini Eclairs, 9.75 oz, 5 Count, Fresh Bakery, Shelf-Stable/ Ambient, Clam shell</span></span></span><div class="flex items-center mt2"><span class="black inline-flex mr1" data-testid="product-ratings" data-value="2.5"><i class="ld ld-StarFill" style="font-size:12px;vertical-align:-0.175em;width:12px;height:12px;box-sizing:content-box" aria-hidden="true"></i><i class="ld ld-StarFill" style="font-size:12px;vertical-align:-0.175em;width:12px;height:12px;box-sizing:content-box" aria-hidden="true"></i><i class="ld ld-StarHalf" style="font-size:12px;vertical-align:-0.175em;width:12px;height:12px;box-sizing:content-box" aria-hidden="true"></i><i class="ld ld-Star" style="font-size:12px;vertical-align:-0.175em;width:12px;height:12px;box-sizing:content-box" aria-hidden="true"></i><i class="ld ld-Star" style="font-size:12px;vertical-align:-0.175em;width:12px;height:12px;box-sizing:content-box" aria-hidden="true"></i></span><span class="sans-serif gray f7" aria-hidden="true" data-testid="product-reviews" data-value="221">221</span><span class="w_iUH7">2.5 out of 5 Stars. 221 reviews</span></div><div></div><div class="mb2 mt2"><span class="w_iUH7">Available for Pickup or Delivery</span><span class="w_VbBP w_mFV6 w_I_19 w_3oNC w_AAn7 mr1 mt1 ph1" aria-hidden="true">Pickup</span><span class="w_VbBP w_mFV6 w_I_19 w_3oNC w_AAn7 mr1 mt1 ph1" aria-hidden="true">Delivery</span></div></div></li><li class="flex flex-column items-center pa1 pr2 pb2" data-slide="7"><div role="group" data-item-id="763219758" class="sans-serif mid-gray relative flex flex-column w-100 h-100 hide-child-opacity" data-testid="product-tile-7" aria-label="Product"><a link-identifier="763219758" class="absolute w-100 h-100 z-1 hide-sibling-opacity" target="" href="/ip/Freshness-Guaranteed-Iced-Vanilla-Chocolate-Mini-Donuts-8-oz-12-Count/763219758?athcpid=763219758&amp;athpgid=AthenaContentPage_4740967&amp;athcgid=null&amp;athznid=ItemCarousel_ad7fdbd1-9c17-4527-bfe2-e3f19068f206_items&amp;athieid=v0&amp;athstid=CS020&amp;athguid=s-SwGJlwQKwJx4-cn3aD3PFfAgOp1Vtd9RFT&amp;athancid=null&amp;athena=true&amp;athbdg=L1600"><span class="w_iUH7"><h3>Freshness Guaranteed Iced Vanilla &amp; Chocolate Mini Donuts, 8 oz, 12 Count</h3></span></a><div class="h2 relative mv2"><span class="w_VbBP w_mFV6 w_awtt w_3oNC w_3H8O tag-leading-badge absolute">Best seller</span></div><div class="relative"><div class="relative overflow-hidden" style="max-width:226px;height:0;padding-bottom:min(226px, 100%);align-self:center;width:min(226px, 100%)"><img loading="lazy" srcset="https://i5.walmartimages.com/asr/3657d575-a16c-4afd-90fa-6afbc5895525.51e775c1a37861927aec79f25dd93ef1.jpeg?odnHeight=226&amp;odnWidth=226&amp;odnBg=FFFFFF 1x, https://i5.walmartimages.com/asr/3657d575-a16c-4afd-90fa-6afbc5895525.51e775c1a37861927aec79f25dd93ef1.jpeg?odnHeight=576&amp;odnWidth=576&amp;odnBg=FFFFFF 2x" src="https://i5.walmartimages.com/asr/3657d575-a16c-4afd-90fa-6afbc5895525.51e775c1a37861927aec79f25dd93ef1.jpeg?odnHeight=576&amp;odnWidth=576&amp;odnBg=FFFFFF" width="" height="" class="absolute top-0 left-0" data-testid="productTileImage" alt="Freshness Guaranteed Iced Vanilla &amp; Chocolate Mini Donuts, 8 oz, 12 Count"/></div><div class="z-2 absolute bottom--1"><div class="relative dib" data-id="763219758"><button class="w_hhLG w_8nsR w_jDfj pointer bn sans-serif b ph2 flex items-center justify-center w-auto shadow-1" type="button" data-pcss-hide="true" data-automation-id="add-to-cart" aria-label="Add to cart - Freshness Guaranteed Iced Vanilla &amp; Chocolate Mini Donuts, 8 oz, 12 Count"><i class="ld ld-Plus" style="font-size:1.5rem;vertical-align:-0.25em;width:1.5rem;height:1.5rem;box-sizing:content-box" title="add to cart"></i><span class="mr2">Add</span></button></div></div></div><div class="mt5 mb0" style="height:24px" data-testid="variant-763219758"></div><div data-automation-id="product-price" class="flex flex-wrap justify-start items-center lh-title mb1-m"><div class="mr1 mr2-xl b black lh-copy f5 f4-l" aria-hidden="true">$3.97</div><span class="w_iUH7">current price $3.97</span><div class="gray mr1 f7 f6-l">49.6 ¢/oz</div></div><span class=""><span class="w_V_DM" style="-webkit-line-clamp:3;padding-bottom:0em;margin-bottom:-0em"><span data-automation-id="product-title" class="normal dark-gray mb0 mt1 lh-title f6 f5-l">Freshness Guaranteed Iced Vanilla &amp; Chocolate Mini Donuts, 8 oz, 12 Count</span></span></span><div class="flex items-center mt2"><span class="black inline-flex mr1" data-testid="product-ratings" data-value="3.6"><i class="ld ld-StarFill" style="font-size:12px;vertical-align:-0.175em;width:12px;height:12px;box-sizing:content-box" aria-hidden="true"></i><i class="ld ld-StarFill" style="font-size:12px;vertical-align:-0.175em;width:12px;height:12px;box-sizing:content-box" aria-hidden="true"></i><i class="ld ld-StarFill" style="font-size:12px;vertical-align:-0.175em;width:12px;height:12px;box-sizing:content-box" aria-hidden="true"></i><i class="ld ld-StarHalf" style="font-size:12px;vertical-align:-0.175em;width:12px;height:12px;box-sizing:content-box" aria-hidden="true"></i><i class="ld ld-Star" style="font-size:12px;vertical-align:-0.175em;width:12px;height:12px;box-sizing:content-box" aria-hidden="true"></i></span><span class="sans-serif gray f7" aria-hidden="true" data-testid="product-reviews" data-value="190">190</span><span class="w_iUH7">3.6 out of 5 Stars. 190 reviews</span></div><div></div><div class="mb2 mt2"><span class="w_iUH7">Available for Pickup or Delivery</span><span class="w_VbBP w_mFV6 w_I_19 w_3oNC w_AAn7 mr1 mt1 ph1" aria-hidden="true">Pickup</span><span class="w_VbBP w_mFV6 w_I_19 w_3oNC w_AAn7 mr1 mt1 ph1" aria-hidden="true">Delivery</span></div></div></li><li class="flex flex-column items-center pa1 pr2 pb2" data-slide="8"><div role="group" data-item-id="879835763" class="sans-serif mid-gray relative flex flex-column w-100 h-100 hide-child-opacity" data-testid="product-tile-8" aria-label="Product"><a link-identifier="879835763" class="absolute w-100 h-100 z-1 hide-sibling-opacity" target="" href="/ip/Freshness-Guaranteed-Chocolate-Mini-Cake-Bites-13-5-oz-16-Count-Clamshell/879835763?athcpid=879835763&amp;athpgid=AthenaContentPage_4740967&amp;athcgid=null&amp;athznid=ItemCarousel_ad7fdbd1-9c17-4527-bfe2-e3f19068f206_items&amp;athieid=v0&amp;athstid=CS020&amp;athguid=s-SwGJlwQKwJx4-cn3aD3PFfAgOp1Vtd9RFT&amp;athancid=null&amp;athena=true"><span class="w_iUH7"><h3>Freshness Guaranteed Chocolate Mini Cake Bites, 13.5 oz, 16 Count, Clamshell</h3></span></a><div class="h2 relative mv2"></div><div class="relative"><div class="relative overflow-hidden" style="max-width:226px;height:0;padding-bottom:min(226px, 100%);align-self:center;width:min(226px, 100%)"><img loading="lazy" srcset="https://i5.walmartimages.com/asr/a306f84a-8baf-4dc6-99f4-49abb3e19c6d.08e7e3ce4a9c3cdf9033ccf221c48b21.jpeg?odnHeight=226&amp;odnWidth=226&amp;odnBg=FFFFFF 1x, https://i5.walmartimages.com/asr/a306f84a-8baf-4dc6-99f4-49abb3e19c6d.08e7e3ce4a9c3cdf9033ccf221c48b21.jpeg?odnHeight=576&amp;odnWidth=576&amp;odnBg=FFFFFF 2x" src="https://i5.walmartimages.com/asr/a306f84a-8baf-4dc6-99f4-49abb3e19c6d.08e7e3ce4a9c3cdf9033ccf221c48b21.jpeg?odnHeight=576&amp;odnWidth=576&amp;odnBg=FFFFFF" width="" height="" class="absolute top-0 left-0" data-testid="productTileImage" alt="Freshness Guaranteed Chocolate Mini Cake Bites, 13.5 oz, 16 Count, Clamshell"/></div><div class="z-2 absolute bottom--1"><div class="relative dib" data-id="879835763"><button class="w_hhLG w_8nsR w_jDfj pointer bn sans-serif b ph2 flex items-center justify-center w-auto shadow-1" type="button" data-pcss-hide="true" data-automation-id="add-to-cart" aria-label="Add to cart - Freshness Guaranteed Chocolate Mini Cake Bites, 13.5 oz, 16 Count, Clamshell"><i class="ld ld-Plus" style="font-size:1.5rem;vertical-align:-0.25em;width:1.5rem;height:1.5rem;box-sizing:content-box" title="add to cart"></i><span class="mr2">Add</span></button></div></div></div><div class="mt5 mb0" style="height:24px" data-testid="variant-879835763"></div><div data-automation-id="product-price" class="flex flex-wrap justify-start items-center lh-title mb1-m"><div class="mr1 mr2-xl b black lh-copy f5 f4-l" aria-hidden="true">$6.47</div><span class="w_iUH7">current price $6.47</span><div class="gray mr1 f7 f6-l">47.9 ¢/oz</div></div><span class=""><span class="w_V_DM" style="-webkit-line-clamp:3;padding-bottom:0em;margin-bottom:-0em"><span data-automation-id="product-title" class="normal dark-gray mb0 mt1 lh-title f6 f5-l">Freshness Guaranteed Chocolate Mini Cake Bites, 13.5 oz, 16 Count, Clamshell</span></span></span><div class="flex items-center mt2"><span class="black inline-flex mr1" data-testid="product-ratings" data-value="3.1"><i class="ld ld-StarFill" style="font-size:12px;vertical-align:-0.175em;width:12px;height:12px;box-sizing:content-box" aria-hidden="true"></i><i class="ld ld-StarFill" style="font-size:12px;vertical-align:-0.175em;width:12px;height:12px;box-sizing:content-box" aria-hidden="true"></i><i class="ld ld-StarFill" style="font-size:12px;vertical-align:-0.175em;width:12px;height:12px;box-sizing:content-box" aria-hidden="true"></i><i class="ld ld-Star" style="font-size:12px;vertical-align:-0.175em;width:12px;height:12px;box-sizing:content-box" aria-hidden="true"></i><i class="ld ld-Star" style="font-size:12px;vertical-align:-0.175em;width:12px;height:12px;box-sizing:content-box" aria-hidden="true"></i></span><span class="sans-serif gray f7" aria-hidden="true" data-testid="product-reviews" data-value="25">25</span><span class="w_iUH7">3.1 out of 5 Stars. 25 reviews</span></div><div></div><div class="mb2 mt2"><span class="w_iUH7">Available for Pickup or Delivery</span><span class="w_VbBP w_mFV6 w_I_19 w_3oNC w_AAn7 mr1 mt1 ph1" aria-hidden="true">Pickup</span><span class="w_VbBP w_mFV6 w_I_19 w_3oNC w_AAn7 mr1 mt1 ph1" aria-hidden="true">Delivery</span></div></div></li><li class="flex flex-column items-center pa1 pr2 pb2" data-slide="9"><div role="group" data-item-id="384351699" class="sans-serif mid-gray relative flex flex-column w-100 h-100 hide-child-opacity" data-testid="product-tile-9" aria-label="Product"><a link-identifier="384351699" class="absolute w-100 h-100 z-1 hide-sibling-opacity" target="" href="/ip/Marketside-Bite-Sized-Chocolate-Chip-Cookies-12-oz-48-Count/384351699?athcpid=384351699&amp;athpgid=AthenaContentPage_4740967&amp;athcgid=null&amp;athznid=ItemCarousel_ad7fdbd1-9c17-4527-bfe2-e3f19068f206_items&amp;athieid=v0&amp;athstid=CS020&amp;athguid=s-SwGJlwQKwJx4-cn3aD3PFfAgOp1Vtd9RFT&amp;athancid=null&amp;athena=true"><span class="w_iUH7"><h3>Marketside Bite Sized Chocolate Chip Cookies, 12 oz, 48 Count</h3></span></a><div class="h2 relative mv2"></div><div class="relative"><div class="relative overflow-hidden" style="max-width:226px;height:0;padding-bottom:min(226px, 100%);align-self:center;width:min(226px, 100%)"><img loading="lazy" srcset="https://i5.walmartimages.com/asr/fd011c80-de1b-4d82-8395-e50abd4354c8.811248b84fd17d52edd44bce04c11252.jpeg?odnHeight=226&amp;odnWidth=226&amp;odnBg=FFFFFF 1x, https://i5.walmartimages.com/asr/fd011c80-de1b-4d82-8395-e50abd4354c8.811248b84fd17d52edd44bce04c11252.jpeg?odnHeight=576&amp;odnWidth=576&amp;odnBg=FFFFFF 2x" src="https://i5.walmartimages.com/asr/fd011c80-de1b-4d82-8395-e50abd4354c8.811248b84fd17d52edd44bce04c11252.jpeg?odnHeight=576&amp;odnWidth=576&amp;odnBg=FFFFFF" width="" height="" class="absolute top-0 left-0" data-testid="productTileImage" alt="Marketside Bite Sized Chocolate Chip Cookies, 12 oz, 48 Count"/></div><div class="z-2 absolute bottom--1"><div class="relative dib" data-id="384351699"><button class="w_hhLG w_8nsR w_jDfj pointer bn sans-serif b ph2 flex items-center justify-center w-auto shadow-1" type="button" data-pcss-hide="true" data-automation-id="add-to-cart" aria-label="Add to cart - Marketside Bite Sized Chocolate Chip Cookies, 12 oz, 48 Count"><i class="ld ld-Plus" style="font-size:1.5rem;vertical-align:-0.25em;width:1.5rem;height:1.5rem;box-sizing:content-box" title="add to cart"></i><span class="mr2">Add</span></button></div></div></div><div class="mt5 mb0" style="height:24px" data-testid="variant-384351699"></div><div data-automation-id="product-price" class="flex flex-wrap justify-start items-center lh-title mb1-m"><div class="mr1 mr2-xl b black lh-copy f5 f4-l" aria-hidden="true">$5.87</div><span class="w_iUH7">current price $5.87</span><div class="gray mr1 f7 f6-l">48.9 ¢/oz</div></div><span class=""><span class="w_V_DM" style="-webkit-line-clamp:3;padding-bottom:0em;margin-bottom:-0em"><span data-automation-id="product-title" class="normal dark-gray mb0 mt1 lh-title f6 f5-l">Marketside Bite Sized Chocolate Chip Cookies, 12 oz, 48 Count</span></span></span><div class="flex items-center mt2"><span class="black inline-flex mr1" data-testid="product-ratings" data-value="2.7"><i class="ld ld-StarFill" style="font-size:12px;vertical-align:-0.175em;width:12px;height:12px;box-sizing:content-box" aria-hidden="true"></i><i class="ld ld-StarFill" style="font-size:12px;vertical-align:-0.175em;width:12px;height:12px;box-sizing:content-box" aria-hidden="true"></i><i class="ld ld-StarHalf" style="font-size:12px;vertical-align:-0.175em;width:12px;height:12px;box-sizing:content-box" aria-hidden="true"></i><i class="ld ld-Star" style="font-size:12px;vertical-align:-0.175em;width:12px;height:12px;box-sizing:content-box" aria-hidden="true"></i><i class="ld ld-Star" style="font-size:12px;vertical-align:-0.175em;width:12px;height:12px;box-sizing:content-box" aria-hidden="true"></i></span><span class="sans-serif gray f7" aria-hidden="true" data-testid="product-reviews" data-value="72">72</span><span class="w_iUH7">2.7 out of 5 Stars. 72 reviews</span></div><div></div><div class="mb2 mt2"><span class="w_iUH7">Available for Pickup or Delivery</span><span class="w_VbBP w_mFV6 w_I_19 w_3oNC w_AAn7 mr1 mt1 ph1" aria-hidden="true">Pickup</span><span class="w_VbBP w_mFV6 w_I_19 w_3oNC w_AAn7 mr1 mt1 ph1" aria-hidden="true">Delivery</span></div></div></li><li class="flex flex-column items-center pa1 pr2 pb2" data-slide="10"><div role="group" data-item-id="705041683" class="sans-serif mid-gray relative flex flex-column w-100 h-100 hide-child-opacity" data-testid="product-tile-10" aria-label="Product"><a link-identifier="705041683" class="absolute w-100 h-100 z-1 hide-sibling-opacity" target="" href="/ip/Marketside-Chocolate-Chip-Edible-Cookie-Dough-6-oz/705041683?athcpid=705041683&amp;athpgid=AthenaContentPage_4740967&amp;athcgid=null&amp;athznid=ItemCarousel_ad7fdbd1-9c17-4527-bfe2-e3f19068f206_items&amp;athieid=v0&amp;athstid=CS020&amp;athguid=s-SwGJlwQKwJx4-cn3aD3PFfAgOp1Vtd9RFT&amp;athancid=null&amp;athena=true"><span class="w_iUH7"><h3>Marketside Chocolate Chip Edible Cookie Dough, 6 oz</h3></span></a><div class="h2 relative mv2"></div><div class="relative"><div class="relative overflow-hidden" style="max-width:226px;height:0;padding-bottom:min(226px, 100%);align-self:center;width:min(226px, 100%)"><img loading="lazy" srcset="https://i5.walmartimages.com/asr/dc8938d9-313c-4deb-a787-f55b7df06ea2.be3e00582fc6963341f782117630e498.jpeg?odnHeight=226&amp;odnWidth=226&amp;odnBg=FFFFFF 1x, https://i5.walmartimages.com/asr/dc8938d9-313c-4deb-a787-f55b7df06ea2.be3e00582fc6963341f782117630e498.jpeg?odnHeight=576&amp;odnWidth=576&amp;odnBg=FFFFFF 2x" src="https://i5.walmartimages.com/asr/dc8938d9-313c-4deb-a787-f55b7df06ea2.be3e00582fc6963341f782117630e498.jpeg?odnHeight=576&amp;odnWidth=576&amp;odnBg=FFFFFF" width="" height="" class="absolute top-0 left-0" data-testid="productTileImage" alt="Marketside Chocolate Chip Edible Cookie Dough, 6 oz"/></div><div class="z-2 absolute bottom--1"><div class="relative dib" data-id="705041683"><button class="w_hhLG w_8nsR w_jDfj pointer bn sans-serif b ph2 flex items-center justify-center w-auto shadow-1" type="button" data-pcss-hide="true" data-automation-id="add-to-cart" aria-label="Add to cart - Marketside Chocolate Chip Edible Cookie Dough, 6 oz"><i class="ld ld-Plus" style="font-size:1.5rem;vertical-align:-0.25em;width:1.5rem;height:1.5rem;box-sizing:content-box" title="add to cart"></i><span class="mr2">Add</span></button></div></div></div><div class="mt5 mb0" style="height:24px" data-testid="variant-705041683"></div><div data-automation-id="product-price" class="flex flex-wrap justify-start items-center lh-title mb1-m"><div class="mr1 mr2-xl b black lh-copy f5 f4-l" aria-hidden="true">$2.48</div><span class="w_iUH7">current price $2.48</span><div class="gray mr1 f7 f6-l">41.3 ¢/oz</div></div><span class=""><span class="w_V_DM" style="-webkit-line-clamp:3;padding-bottom:0em;margin-bottom:-0em"><span data-automation-id="product-title" class="normal dark-gray mb0 mt1 lh-title f6 f5-l">Marketside Chocolate Chip Edible Cookie Dough, 6 oz</span></span></span><div class="flex items-center mt2"><span class="black inline-flex mr1" data-testid="product-ratings" data-value="4.2"><i class="ld ld-StarFill" style="font-size:12px;vertical-align:-0.175em;width:12px;height:12px;box-sizing:content-box" aria-hidden="true"></i><i class="ld ld-StarFill" style="font-size:12px;vertical-align:-0.175em;width:12px;height:12px;box-sizing:content-box" aria-hidden="true"></i><i class="ld ld-StarFill" style="font-size:12px;vertical-align:-0.175em;width:12px;height:12px;box-sizing:content-box" aria-hidden="true"></i><i class="ld ld-StarFill" style="font-size:12px;vertical-align:-0.175em;width:12px;height:12px;box-sizing:content-box" aria-hidden="true"></i><i class="ld ld-Star" style="font-size:12px;vertical-align:-0.175em;width:12px;height:12px;box-sizing:content-box" aria-hidden="true"></i></span><span class="sans-serif gray f7" aria-hidden="true" data-testid="product-reviews" data-value="30">30</span><span class="w_iUH7">4.2 out of 5 Stars. 30 reviews</span></div><div></div><div class="mb2 mt2"><span class="w_iUH7">Available for Pickup or Delivery</span><span class="w_VbBP w_mFV6 w_I_19 w_3oNC w_AAn7 mr1 mt1 ph1" aria-hidden="true">Pickup</span><span class="w_VbBP w_mFV6 w_I_19 w_3oNC w_AAn7 mr1 mt1 ph1" aria-hidden="true">Delivery</span></div></div></li><li class="flex flex-column items-center pa1 pr2 pb2" data-slide="11"><div role="group" data-item-id="764088669" class="sans-serif mid-gray relative flex flex-column w-100 h-100 hide-child-opacity" data-testid="product-tile-11" aria-label="Product"><a link-identifier="764088669" class="absolute w-100 h-100 z-1 hide-sibling-opacity" target="" href="/ip/Freshness-Guaranteed-Brownie-Bites-13-93-oz-21-Count-Chocolate-Desserts/764088669?athcpid=764088669&amp;athpgid=AthenaContentPage_4740967&amp;athcgid=null&amp;athznid=ItemCarousel_ad7fdbd1-9c17-4527-bfe2-e3f19068f206_items&amp;athieid=v0&amp;athstid=CS020&amp;athguid=s-SwGJlwQKwJx4-cn3aD3PFfAgOp1Vtd9RFT&amp;athancid=null&amp;athena=true&amp;athbdg=L1600"><span class="w_iUH7"><h3>Freshness Guaranteed Brownie Bites, 13.93 oz, 21 Count, Chocolate Desserts</h3></span></a><div class="h2 relative mv2"><span class="w_VbBP w_mFV6 w_awtt w_3oNC w_3H8O tag-leading-badge absolute">Best seller</span></div><div class="relative"><div class="relative overflow-hidden" style="max-width:226px;height:0;padding-bottom:min(226px, 100%);align-self:center;width:min(226px, 100%)"><img loading="lazy" srcset="https://i5.walmartimages.com/asr/a1dc2ef2-0260-4165-96c1-d3632f74b2c2.f551494b5e810dcde19e7b33a1ee70c8.jpeg?odnHeight=226&amp;odnWidth=226&amp;odnBg=FFFFFF 1x, https://i5.walmartimages.com/asr/a1dc2ef2-0260-4165-96c1-d3632f74b2c2.f551494b5e810dcde19e7b33a1ee70c8.jpeg?odnHeight=576&amp;odnWidth=576&amp;odnBg=FFFFFF 2x" src="https://i5.walmartimages.com/asr/a1dc2ef2-0260-4165-96c1-d3632f74b2c2.f551494b5e810dcde19e7b33a1ee70c8.jpeg?odnHeight=576&amp;odnWidth=576&amp;odnBg=FFFFFF" width="" height="" class="absolute top-0 left-0" data-testid="productTileImage" alt="Freshness Guaranteed Brownie Bites, 13.93 oz, 21 Count, Chocolate Desserts"/></div><div class="z-2 absolute bottom--1"><div class="relative dib" data-id="764088669"><button class="w_hhLG w_8nsR w_jDfj pointer bn sans-serif b ph2 flex items-center justify-center w-auto shadow-1" type="button" data-pcss-hide="true" data-automation-id="add-to-cart" aria-label="Add to cart - Freshness Guaranteed Brownie Bites, 13.93 oz, 21 Count, Chocolate Desserts"><i class="ld ld-Plus" style="font-size:1.5rem;vertical-align:-0.25em;width:1.5rem;height:1.5rem;box-sizing:content-box" title="add to cart"></i><span class="mr2">Add</span></button></div></div></div><div class="mt5 mb0" style="height:24px" data-testid="variant-764088669"></div><div data-automation-id="product-price" class="flex flex-wrap justify-start items-center lh-title mb1-m"><div class="mr1 mr2-xl b black lh-copy f5 f4-l" aria-hidden="true">$4.76</div><span class="w_iUH7">current price $4.76</span><div class="gray mr1 f7 f6-l">34.2 ¢/oz</div></div><span class=""><span class="w_V_DM" style="-webkit-line-clamp:3;padding-bottom:0em;margin-bottom:-0em"><span data-automation-id="product-title" class="normal dark-gray mb0 mt1 lh-title f6 f5-l">Freshness Guaranteed Brownie Bites, 13.93 oz, 21 Count, Chocolate Desserts</span></span></span><div class="flex items-center mt2"><span class="black inline-flex mr1" data-testid="product-ratings" data-value="3.7"><i class="ld ld-StarFill" style="font-size:12px;vertical-align:-0.175em;width:12px;height:12px;box-sizing:content-box" aria-hidden="true"></i><i class="ld ld-StarFill" style="font-size:12px;vertical-align:-0.175em;width:12px;height:12px;box-sizing:content-box" aria-hidden="true"></i><i class="ld ld-StarFill" style="font-size:12px;vertical-align:-0.175em;width:12px;height:12px;box-sizing:content-box" aria-hidden="true"></i><i class="ld ld-StarHalf" style="font-size:12px;vertical-align:-0.175em;width:12px;height:12px;box-sizing:content-box" aria-hidden="true"></i><i class="ld ld-Star" style="font-size:12px;vertical-align:-0.175em;width:12px;height:12px;box-sizing:content-box" aria-hidden="true"></i></span><span class="sans-serif gray f7" aria-hidden="true" data-testid="product-reviews" data-value="158">158</span><span class="w_iUH7">3.7 out of 5 Stars. 158 reviews</span></div><div></div><div class="mb2 mt2"><span class="w_iUH7">Available for Pickup or Delivery</span><span class="w_VbBP w_mFV6 w_I_19 w_3oNC w_AAn7 mr1 mt1 ph1" aria-hidden="true">Pickup</span><span class="w_VbBP w_mFV6 w_I_19 w_3oNC w_AAn7 mr1 mt1 ph1" aria-hidden="true">Delivery</span></div></div></li><li class="flex flex-column items-center pa1 pr2 pb2" data-slide="12"><div role="group" data-item-id="483764883" class="sans-serif mid-gray relative flex flex-column w-100 h-100 hide-child-opacity" data-testid="product-tile-12" aria-label="Product"><a link-identifier="483764883" class="absolute w-100 h-100 z-1 hide-sibling-opacity" target="" href="/ip/Freshness-Guaranteed-Butter-Palmier-Cookies-11-3-oz-Shelf-Stable-Pieces-22-Cookies/483764883?athcpid=483764883&amp;athpgid=AthenaContentPage_4740967&amp;athcgid=null&amp;athznid=ItemCarousel_ad7fdbd1-9c17-4527-bfe2-e3f19068f206_items&amp;athieid=v0&amp;athstid=CS020&amp;athguid=s-SwGJlwQKwJx4-cn3aD3PFfAgOp1Vtd9RFT&amp;athancid=null&amp;athena=true"><span class="w_iUH7"><h3>Freshness Guaranteed Butter Palmier Cookies, 11.3 oz, Shelf Stable Pieces, 22 Cookies</h3></span></a><div class="h2 relative mv2"></div><div class="relative"><div class="relative overflow-hidden" style="max-width:226px;height:0;padding-bottom:min(226px, 100%);align-self:center;width:min(226px, 100%)"><img loading="lazy" srcset="https://i5.walmartimages.com/asr/2bf067a0-f547-4932-a9b3-2b465b14d778.91bde6000dbeeef8a895f1eb99a343ea.jpeg?odnHeight=226&amp;odnWidth=226&amp;odnBg=FFFFFF 1x, https://i5.walmartimages.com/asr/2bf067a0-f547-4932-a9b3-2b465b14d778.91bde6000dbeeef8a895f1eb99a343ea.jpeg?odnHeight=576&amp;odnWidth=576&amp;odnBg=FFFFFF 2x" src="https://i5.walmartimages.com/asr/2bf067a0-f547-4932-a9b3-2b465b14d778.91bde6000dbeeef8a895f1eb99a343ea.jpeg?odnHeight=576&amp;odnWidth=576&amp;odnBg=FFFFFF" width="" height="" class="absolute top-0 left-0" data-testid="productTileImage" alt="Freshness Guaranteed Butter Palmier Cookies, 11.3 oz, Shelf Stable Pieces, 22 Cookies"/></div><div class="z-2 absolute bottom--1"><div class="relative dib" data-id="483764883"><button class="w_hhLG w_8nsR w_jDfj pointer bn sans-serif b ph2 flex items-center justify-center w-auto shadow-1" type="button" data-pcss-hide="true" data-automation-id="add-to-cart" aria-label="Add to cart - Freshness Guaranteed Butter Palmier Cookies, 11.3 oz, Shelf Stable Pieces, 22 Cookies"><i class="ld ld-Plus" style="font-size:1.5rem;vertical-align:-0.25em;width:1.5rem;height:1.5rem;box-sizing:content-box" title="add to cart"></i><span class="mr2">Add</span></button></div></div></div><div class="mt5 mb0" style="height:24px" data-testid="variant-483764883"></div><div data-automation-id="product-price" class="flex flex-wrap justify-start items-center lh-title mb1-m"><div class="mr1 mr2-xl b black lh-copy f5 f4-l" aria-hidden="true">$6.47</div><span class="w_iUH7">current price $6.47</span><div class="gray mr1 f7 f6-l">57.3 ¢/oz</div></div><span class=""><span class="w_V_DM" style="-webkit-line-clamp:3;padding-bottom:0em;margin-bottom:-0em"><span data-automation-id="product-title" class="normal dark-gray mb0 mt1 lh-title f6 f5-l">Freshness Guaranteed Butter Palmier Cookies, 11.3 oz, Shelf Stable Pieces, 22 Cookies</span></span></span><div class="flex items-center mt2"><span class="black inline-flex mr1" data-testid="product-ratings" data-value="4.1"><i class="ld ld-StarFill" style="font-size:12px;vertical-align:-0.175em;width:12px;height:12px;box-sizing:content-box" aria-hidden="true"></i><i class="ld ld-StarFill" style="font-size:12px;vertical-align:-0.175em;width:12px;height:12px;box-sizing:content-box" aria-hidden="true"></i><i class="ld ld-StarFill" style="font-size:12px;vertical-align:-0.175em;width:12px;height:12px;box-sizing:content-box" aria-hidden="true"></i><i class="ld ld-StarFill" style="font-size:12px;vertical-align:-0.175em;width:12px;height:12px;box-sizing:content-box" aria-hidden="true"></i><i class="ld ld-Star" style="font-size:12px;vertical-align:-0.175em;width:12px;height:12px;box-sizing:content-box" aria-hidden="true"></i></span><span class="sans-serif gray f7" aria-hidden="true" data-testid="product-reviews" data-value="52">52</span><span class="w_iUH7">4.1 out of 5 Stars. 52 reviews</span></div><div></div><div class="mb2 mt2"><span class="w_iUH7">Available for Pickup or Delivery</span><span class="w_VbBP w_mFV6 w_I_19 w_3oNC w_AAn7 mr1 mt1 ph1" aria-hidden="true">Pickup</span><span class="w_VbBP w_mFV6 w_I_19 w_3oNC w_AAn7 mr1 mt1 ph1" aria-hidden="true">Delivery</span></div></div></li><li class="flex flex-column items-center pa1 pr2 pb2" data-slide="13"><div role="group" data-item-id="656386727" class="sans-serif mid-gray relative flex flex-column w-100 h-100 hide-child-opacity" data-testid="product-tile-13" aria-label="Product"><a link-identifier="656386727" class="absolute w-100 h-100 z-1 hide-sibling-opacity" target="" href="/ip/Marketside-Chocolate-and-Vanilla-Mini-Cupcakes-20-oz-24-Count/656386727?athcpid=656386727&amp;athpgid=AthenaContentPage_4740967&amp;athcgid=null&amp;athznid=ItemCarousel_ad7fdbd1-9c17-4527-bfe2-e3f19068f206_items&amp;athieid=v0&amp;athstid=CS020&amp;athguid=s-SwGJlwQKwJx4-cn3aD3PFfAgOp1Vtd9RFT&amp;athancid=null&amp;athena=true"><span class="w_iUH7"><h3>Marketside Chocolate and Vanilla Mini Cupcakes, 20 oz, 24 Count</h3></span></a><div class="h2 relative mv2"></div><div class="relative"><div class="relative overflow-hidden" style="max-width:226px;height:0;padding-bottom:min(226px, 100%);align-self:center;width:min(226px, 100%)"><img loading="lazy" srcset="https://i5.walmartimages.com/asr/457daf63-8cc4-4079-adba-7565b7a9f497.1ef3060ad279883a33305e2ef6bfec4d.jpeg?odnHeight=226&amp;odnWidth=226&amp;odnBg=FFFFFF 1x, https://i5.walmartimages.com/asr/457daf63-8cc4-4079-adba-7565b7a9f497.1ef3060ad279883a33305e2ef6bfec4d.jpeg?odnHeight=576&amp;odnWidth=576&amp;odnBg=FFFFFF 2x" src="https://i5.walmartimages.com/asr/457daf63-8cc4-4079-adba-7565b7a9f497.1ef3060ad279883a33305e2ef6bfec4d.jpeg?odnHeight=576&amp;odnWidth=576&amp;odnBg=FFFFFF" width="" height="" class="absolute top-0 left-0" data-testid="productTileImage" alt="Marketside Chocolate and Vanilla Mini Cupcakes, 20 oz, 24 Count"/></div><div class="z-2 absolute bottom--1"><div class="relative dib" data-id="656386727"><button class="w_hhLG w_8nsR w_jDfj pointer bn sans-serif b ph2 flex items-center justify-center w-auto shadow-1" type="button" data-pcss-hide="true" data-automation-id="add-to-cart" aria-label="Add to cart - Marketside Chocolate and Vanilla Mini Cupcakes, 20 oz, 24 Count"><i class="ld ld-Plus" style="font-size:1.5rem;vertical-align:-0.25em;width:1.5rem;height:1.5rem;box-sizing:content-box" title="add to cart"></i><span class="mr2">Add</span></button></div></div></div><div class="mt5 mb0" style="height:24px" data-testid="variant-656386727"></div><div data-automation-id="product-price" class="flex flex-wrap justify-start items-center lh-title mb1-m"><div class="mr1 mr2-xl b black lh-copy f5 f4-l" aria-hidden="true">$7.68</div><span class="w_iUH7">current price $7.68</span><div class="gray mr1 f7 f6-l">38.4 ¢/oz</div></div><span class=""><span class="w_V_DM" style="-webkit-line-clamp:3;padding-bottom:0em;margin-bottom:-0em"><span data-automation-id="product-title" class="normal dark-gray mb0 mt1 lh-title f6 f5-l">Marketside Chocolate and Vanilla Mini Cupcakes, 20 oz, 24 Count</span></span></span><div class="flex items-center mt2"><span class="black inline-flex mr1" data-testid="product-ratings" data-value="3.8"><i class="ld ld-StarFill" style="font-size:12px;vertical-align:-0.175em;width:12px;height:12px;box-sizing:content-box" aria-hidden="true"></i><i class="ld ld-StarFill" style="font-size:12px;vertical-align:-0.175em;width:12px;height:12px;box-sizing:content-box" aria-hidden="true"></i><i class="ld ld-StarFill" style="font-size:12px;vertical-align:-0.175em;width:12px;height:12px;box-sizing:content-box" aria-hidden="true"></i><i class="ld ld-StarFill" style="font-size:12px;vertical-align:-0.175em;width:12px;height:12px;box-sizing:content-box" aria-hidden="true"></i><i class="ld ld-Star" style="font-size:12px;vertical-align:-0.175em;width:12px;height:12px;box-sizing:content-box" aria-hidden="true"></i></span><span class="sans-serif gray f7" aria-hidden="true" data-testid="product-reviews" data-value="38">38</span><span class="w_iUH7">3.8 out of 5 Stars. 38 reviews</span></div><div></div><div class="mb2 mt2"><span class="w_iUH7">Available for Pickup or Delivery</span><span class="w_VbBP w_mFV6 w_I_19 w_3oNC w_AAn7 mr1 mt1 ph1" aria-hidden="true">Pickup</span><span class="w_VbBP w_mFV6 w_I_19 w_3oNC w_AAn7 mr1 mt1 ph1" aria-hidden="true">Delivery</span></div></div></li><li class="flex flex-column items-center pa1 pr2 pb2" data-slide="14"><div role="group" data-item-id="2450523835" class="sans-serif mid-gray relative flex flex-column w-100 h-100 hide-child-opacity" data-testid="product-tile-14" aria-label="Product"><a link-identifier="2450523835" class="absolute w-100 h-100 z-1 hide-sibling-opacity" target="" href="/ip/Marketside-Cookies-Cream-Flavored-Cake-Pops-Ready-to-Eat-4-2-Ounces-2-Count-per-Pack/2450523835?athcpid=2450523835&amp;athpgid=AthenaContentPage_4740967&amp;athcgid=null&amp;athznid=ItemCarousel_ad7fdbd1-9c17-4527-bfe2-e3f19068f206_items&amp;athieid=v0&amp;athstid=CS020&amp;athguid=s-SwGJlwQKwJx4-cn3aD3PFfAgOp1Vtd9RFT&amp;athancid=null&amp;athena=true"><span class="w_iUH7"><h3>Marketside Cookies &amp; Cream Flavored Cake Pops, Ready to Eat, 4.2 Ounces, 2 Count per Pack</h3></span></a><div class="h2 relative mv2"></div><div class="relative"><div class="relative overflow-hidden" style="max-width:226px;height:0;padding-bottom:min(226px, 100%);align-self:center;width:min(226px, 100%)"><img loading="lazy" srcset="https://i5.walmartimages.com/asr/a5bc5a0d-3ba2-43b2-9c7f-1f6d23002115.e88604e68671b3d93ad18e1b8393fb41.jpeg?odnHeight=226&amp;odnWidth=226&amp;odnBg=FFFFFF 1x, https://i5.walmartimages.com/asr/a5bc5a0d-3ba2-43b2-9c7f-1f6d23002115.e88604e68671b3d93ad18e1b8393fb41.jpeg?odnHeight=576&amp;odnWidth=576&amp;odnBg=FFFFFF 2x" src="https://i5.walmartimages.com/asr/a5bc5a0d-3ba2-43b2-9c7f-1f6d23002115.e88604e68671b3d93ad18e1b8393fb41.jpeg?odnHeight=576&amp;odnWidth=576&amp;odnBg=FFFFFF" width="" height="" class="absolute top-0 left-0" data-testid="productTileImage" alt="Marketside Cookies &amp; Cream Flavored Cake Pops, Ready to Eat, 4.2 Ounces, 2 Count per Pack"/></div><div class="z-2 absolute bottom--1"><div class="relative dib" data-id="2450523835"><button class="w_hhLG w_8nsR w_jDfj pointer bn sans-serif b ph2 flex items-center justify-center w-auto shadow-1" type="button" data-pcss-hide="true" data-automation-id="add-to-cart" aria-label="Add to cart - Marketside Cookies &amp; Cream Flavored Cake Pops, Ready to Eat, 4.2 Ounces, 2 Count per Pack"><i class="ld ld-Plus" style="font-size:1.5rem;vertical-align:-0.25em;width:1.5rem;height:1.5rem;box-sizing:content-box" title="add to cart"></i><span class="mr2">Add</span></button></div></div></div><div class="mt5 mb0" style="height:24px" data-testid="variant-2450523835"></div><div data-automation-id="product-price" class="flex flex-wrap justify-start items-center lh-title mb1-m"><div class="mr1 mr2-xl b black lh-copy f5 f4-l" aria-hidden="true">$2.50</div><span class="w_iUH7">current price $2.50</span><div class="gray mr1 f7 f6-l">59.5 ¢/oz</div></div><span class=""><span class="w_V_DM" style="-webkit-line-clamp:3;padding-bottom:0em;margin-bottom:-0em"><span data-automation-id="product-title" class="normal dark-gray mb0 mt1 lh-title f6 f5-l">Marketside Cookies &amp; Cream Flavored Cake Pops, Ready to Eat, 4.2 Ounces, 2 Count per Pack</span></span></span><div class="flex items-center mt2"><span class="black inline-flex mr1" data-testid="product-ratings" data-value="1.9"><i class="ld ld-StarFill" style="font-size:12px;vertical-align:-0.175em;width:12px;height:12px;box-sizing:content-box" aria-hidden="true"></i><i class="ld ld-StarFill" style="font-size:12px;vertical-align:-0.175em;width:12px;height:12px;box-sizing:content-box" aria-hidden="true"></i><i class="ld ld-Star" style="font-size:12px;vertical-align:-0.175em;width:12px;height:12px;box-sizing:content-box" aria-hidden="true"></i><i class="ld ld-Star" style="font-size:12px;vertical-align:-0.175em;width:12px;height:12px;box-sizing:content-box" aria-hidden="true"></i><i class="ld ld-Star" style="font-size:12px;vertical-align:-0.175em;width:12px;height:12px;box-sizing:content-box" aria-hidden="true"></i></span><span class="sans-serif gray f7" aria-hidden="true" data-testid="product-reviews" data-value="46">46</span><span class="w_iUH7">1.9 out of 5 Stars. 46 reviews</span></div><div></div><div class="mb2 mt2"><span class="w_iUH7">Available for Pickup or Delivery</span><span class="w_VbBP w_mFV6 w_I_19 w_3oNC w_AAn7 mr1 mt1 ph1" aria-hidden="true">Pickup</span><span class="w_VbBP w_mFV6 w_I_19 w_3oNC w_AAn7 mr1 mt1 ph1" aria-hidden="true">Delivery</span></div></div></li></ul><a link-identifier="horizontalScrollerNext" class="absolute dn z-5 bg-white br-100 pa0 pointer db-l br-100 nav-control right-1" aria-label="Next slide for Product Carousel list" data-testid="horizontal-scroller-next" role="button"><i class="ld ld-ChevronRight" style="font-size:1.5rem;vertical-align:-0.25em;padding:12px;width:1.5rem;height:1.5rem;box-sizing:content-box"></i></a></div></section></section></div> <div class="mv3 mv4-xl ml3 ml0-l bb b--near-white"><section><section><header class="flex justify-between mb3 mb2-m pr3 pr4-m pr0-xl items-baseline"><section style="flex:1"><div><div><div class="inline-flex "><h2 class="f4 f3-m lh-title ma0 ">Fruit grazing board</h2></div></div></div></section><a link-identifier="Shop all" class="black f6" href="https://www.walmart.com/browse/food/fresh-fruits/976759_976793_9756351?povid=976759_itemcarousel_4740967_Fruitgrazingboard_Shopall_Rweb_Jun_14">Shop all</a></header><div class="flex flex-column justify-center relative" data-testid="horizontal-scroller-Product Carousel"><a link-identifier="horizontalScrollerPrevious" class="absolute dn z-5 bg-white br-100 pa0 pointer hidden-child br-100 nav-control left-1" aria-label="Previous slide for Product Carousel list" data-testid="horizontal-scroller-previous" role="button"><i class="ld ld-ChevronLeft" style="font-size:1.5rem;vertical-align:-0.25em;padding:12px;width:1.5rem;height:1.5rem;box-sizing:content-box"></i></a><ul style="display:grid;grid-auto-flow:column;scroll-snap-type:x mandatory;max-height:fit-content" class="list ma0 pl0 overflow-x-scroll hidesb hidesb-wk relative overflow-y-hidden carousel-peek-2 carousel-6-l carousel-3-m pr3-m" data-testid="carousel-container"><li class="flex flex-column items-center pa1 pr2 pb2" data-slide="0"><div role="group" data-item-id="51259197" class="sans-serif mid-gray relative flex flex-column w-100 h-100 hide-child-opacity" data-testid="product-tile-0" aria-label="Product"><a link-identifier="51259197" class="absolute w-100 h-100 z-1 hide-sibling-opacity" target="" href="/ip/Fresh-Granny-Smith-Apple-Each/51259197?athcpid=51259197&amp;athpgid=AthenaContentPage_4740967&amp;athcgid=null&amp;athznid=ItemCarousel_5aa23f3c-cdff-469b-be3b-36b4cb7e1e43_items&amp;athieid=v0&amp;athstid=CS020&amp;athguid=s-SwGJlwQKwJx4-cn3aD3PFfAgOp1Vtd9RFT&amp;athancid=null&amp;athena=true&amp;athbdg=L1300"><span class="w_iUH7"><h3>Fresh Granny Smith Apple, Each</h3></span></a><div class="h2 relative mv2"><span class="w_VbBP w_WKt3 w_awtt tag-leading-badge absolute" style="color:#9b1419;box-shadow:inset 0 0 0 1px #9b1419">Rollback</span></div><div class="relative"><div class="relative overflow-hidden" style="max-width:226px;height:0;padding-bottom:min(226px, 100%);align-self:center;width:min(226px, 100%)"><img loading="lazy" srcset="https://i5.walmartimages.com/asr/bf2ec88a-2f36-41f2-93d3-c3161772733d_1.cdc913433c6acc6bf9201dc1fa86bac9.jpeg?odnHeight=226&amp;odnWidth=226&amp;odnBg=FFFFFF 1x, https://i5.walmartimages.com/asr/bf2ec88a-2f36-41f2-93d3-c3161772733d_1.cdc913433c6acc6bf9201dc1fa86bac9.jpeg?odnHeight=576&amp;odnWidth=576&amp;odnBg=FFFFFF 2x" src="https://i5.walmartimages.com/asr/bf2ec88a-2f36-41f2-93d3-c3161772733d_1.cdc913433c6acc6bf9201dc1fa86bac9.jpeg?odnHeight=576&amp;odnWidth=576&amp;odnBg=FFFFFF" width="" height="" class="absolute top-0 left-0" data-testid="productTileImage" alt="Fresh Granny Smith Apple, Each"/></div><div class="z-2 absolute bottom--1"><div class="relative dib" data-id="51259197"><button class="w_hhLG w_8nsR w_jDfj pointer bn sans-serif b ph2 flex items-center justify-center w-auto shadow-1" type="button" data-pcss-hide="true" data-automation-id="add-to-cart" aria-label="Add to cart - Fresh Granny Smith Apple, Each"><i class="ld ld-Plus" style="font-size:1.5rem;vertical-align:-0.25em;width:1.5rem;height:1.5rem;box-sizing:content-box" title="add to cart"></i><span class="mr2">Add</span></button></div></div></div><div class="mt5 mb0" style="height:24px" data-testid="variant-51259197"></div><div data-automation-id="product-price" class="flex flex-wrap justify-start items-center lh-title mb1-m"><div class="mr1 mr2-xl b black green lh-copy f5 f4-l" aria-hidden="true">Now $0.88</div><span class="w_iUH7">current price Now $0.88</span><div class="gray f7 f6-l"><span class="mr3">each<!-- --> </span></div><div class="gray mr1 strike f7 f6-l" aria-hidden="true">$1.37</div><span class="w_iUH7">Was $1.37</span><div class="gray mr1 f7 f6-l">$1.47/lb</div></div><span class=""><span class="w_V_DM" style="-webkit-line-clamp:3;padding-bottom:0em;margin-bottom:-0em"><span data-automation-id="product-title" class="normal dark-gray mb0 mt1 lh-title f6 f5-l">Fresh Granny Smith Apple, Each</span></span></span><div class="flex items-center mt2"><span class="black inline-flex mr1" data-testid="product-ratings" data-value="2"><i class="ld ld-StarFill" style="font-size:12px;vertical-align:-0.175em;width:12px;height:12px;box-sizing:content-box" aria-hidden="true"></i><i class="ld ld-StarFill" style="font-size:12px;vertical-align:-0.175em;width:12px;height:12px;box-sizing:content-box" aria-hidden="true"></i><i class="ld ld-Star" style="font-size:12px;vertical-align:-0.175em;width:12px;height:12px;box-sizing:content-box" aria-hidden="true"></i><i class="ld ld-Star" style="font-size:12px;vertical-align:-0.175em;width:12px;height:12px;box-sizing:content-box" aria-hidden="true"></i><i class="ld ld-Star" style="font-size:12px;vertical-align:-0.175em;width:12px;height:12px;box-sizing:content-box" aria-hidden="true"></i></span><span class="sans-serif gray f7" aria-hidden="true" data-testid="product-reviews" data-value="293">293</span><span class="w_iUH7">2 out of 5 Stars. 293 reviews</span></div><div></div><div class="mb2 mt2"><span class="w_iUH7">Available for Pickup or Delivery</span><span class="w_VbBP w_mFV6 w_I_19 w_3oNC w_AAn7 mr1 mt1 ph1" aria-hidden="true">Pickup</span><span class="w_VbBP w_mFV6 w_I_19 w_3oNC w_AAn7 mr1 mt1 ph1" aria-hidden="true">Delivery</span></div></div></li><li class="flex flex-column items-center pa1 pr2 pb2" data-slide="1"><div role="group" data-item-id="44390957" class="sans-serif mid-gray relative flex flex-column w-100 h-100 hide-child-opacity" data-testid="product-tile-1" aria-label="Product"><a link-identifier="44390957" class="absolute w-100 h-100 z-1 hide-sibling-opacity" target="" href="/ip/Fresh-Raspberries-12-oz-Container/44390957?athcpid=44390957&amp;athpgid=AthenaContentPage_4740967&amp;athcgid=null&amp;athznid=ItemCarousel_5aa23f3c-cdff-469b-be3b-36b4cb7e1e43_items&amp;athieid=v0&amp;athstid=CS020&amp;athguid=s-SwGJlwQKwJx4-cn3aD3PFfAgOp1Vtd9RFT&amp;athancid=null&amp;athena=true"><span class="w_iUH7"><h3>Fresh Raspberries, 12 oz Container</h3></span></a><div class="h2 relative mv2"></div><div class="relative"><div class="relative overflow-hidden" style="max-width:226px;height:0;padding-bottom:min(226px, 100%);align-self:center;width:min(226px, 100%)"><img loading="lazy" srcset="https://i5.walmartimages.com/asr/eda41ad1-ca39-45df-ac28-9f2df375156d_1.9d270b612b7896e3a54f48fe48a72b59.jpeg?odnHeight=226&amp;odnWidth=226&amp;odnBg=FFFFFF 1x, https://i5.walmartimages.com/asr/eda41ad1-ca39-45df-ac28-9f2df375156d_1.9d270b612b7896e3a54f48fe48a72b59.jpeg?odnHeight=576&amp;odnWidth=576&amp;odnBg=FFFFFF 2x" src="https://i5.walmartimages.com/asr/eda41ad1-ca39-45df-ac28-9f2df375156d_1.9d270b612b7896e3a54f48fe48a72b59.jpeg?odnHeight=576&amp;odnWidth=576&amp;odnBg=FFFFFF" width="" height="" class="absolute top-0 left-0" data-testid="productTileImage" alt="Fresh Raspberries, 12 oz Container"/></div><div class="z-2 absolute bottom--1"><div class="relative dib" data-id="44390957"><button class="w_hhLG w_8nsR w_jDfj pointer bn sans-serif b ph2 flex items-center justify-center w-auto shadow-1" type="button" data-pcss-hide="true" data-automation-id="add-to-cart" aria-label="Add to cart - Fresh Raspberries, 12 oz Container"><i class="ld ld-Plus" style="font-size:1.5rem;vertical-align:-0.25em;width:1.5rem;height:1.5rem;box-sizing:content-box" title="add to cart"></i><span class="mr2">Add</span></button></div></div></div><div class="mt5 mb0" style="height:24px" data-testid="variant-44390957"></div><div data-automation-id="product-price" class="flex flex-wrap justify-start items-center lh-title mb1-m"><div class="mr1 mr2-xl b black lh-copy f5 f4-l" aria-hidden="true">$5.64</div><span class="w_iUH7">current price $5.64</span><div class="gray mr1 f7 f6-l">47.0 ¢/oz</div></div><span class=""><span class="w_V_DM" style="-webkit-line-clamp:3;padding-bottom:0em;margin-bottom:-0em"><span data-automation-id="product-title" class="normal dark-gray mb0 mt1 lh-title f6 f5-l">Fresh Raspberries, 12 oz Container</span></span></span><div class="flex items-center mt2"><span class="black inline-flex mr1" data-testid="product-ratings" data-value="1.5"><i class="ld ld-StarFill" style="font-size:12px;vertical-align:-0.175em;width:12px;height:12px;box-sizing:content-box" aria-hidden="true"></i><i class="ld ld-StarHalf" style="font-size:12px;vertical-align:-0.175em;width:12px;height:12px;box-sizing:content-box" aria-hidden="true"></i><i class="ld ld-Star" style="font-size:12px;vertical-align:-0.175em;width:12px;height:12px;box-sizing:content-box" aria-hidden="true"></i><i class="ld ld-Star" style="font-size:12px;vertical-align:-0.175em;width:12px;height:12px;box-sizing:content-box" aria-hidden="true"></i><i class="ld ld-Star" style="font-size:12px;vertical-align:-0.175em;width:12px;height:12px;box-sizing:content-box" aria-hidden="true"></i></span><span class="sans-serif gray f7" aria-hidden="true" data-testid="product-reviews" data-value="1226">1226</span><span class="w_iUH7">1.5 out of 5 Stars. 1226 reviews</span></div><div></div><div class="mb2 mt2"><span class="w_iUH7">Available for Pickup or Delivery</span><span class="w_VbBP w_mFV6 w_I_19 w_3oNC w_AAn7 mr1 mt1 ph1" aria-hidden="true">Pickup</span><span class="w_VbBP w_mFV6 w_I_19 w_3oNC w_AAn7 mr1 mt1 ph1" aria-hidden="true">Delivery</span></div></div></li><li class="flex flex-column items-center pa1 pr2 pb2" data-slide="2"><div role="group" data-item-id="215642748" class="sans-serif mid-gray relative flex flex-column w-100 h-100 hide-child-opacity" data-testid="product-tile-2" aria-label="Product"><a link-identifier="215642748" class="absolute w-100 h-100 z-1 hide-sibling-opacity" target="" href="/ip/Fresh-Bartlett-Pears-Each/215642748?athcpid=215642748&amp;athpgid=AthenaContentPage_4740967&amp;athcgid=null&amp;athznid=ItemCarousel_5aa23f3c-cdff-469b-be3b-36b4cb7e1e43_items&amp;athieid=v0&amp;athstid=CS020&amp;athguid=s-SwGJlwQKwJx4-cn3aD3PFfAgOp1Vtd9RFT&amp;athancid=null&amp;athena=true"><span class="w_iUH7"><h3>Fresh Bartlett Pears, Each</h3></span></a><div class="h2 relative mv2"></div><div class="relative"><div class="relative overflow-hidden" style="max-width:226px;height:0;padding-bottom:min(226px, 100%);align-self:center;width:min(226px, 100%)"><img loading="lazy" srcset="https://i5.walmartimages.com/asr/6689d57d-1612-439e-8bf0-84670e942819.21f4f05ece3924be6986e91179ce571b.jpeg?odnHeight=226&amp;odnWidth=226&amp;odnBg=FFFFFF 1x, https://i5.walmartimages.com/asr/6689d57d-1612-439e-8bf0-84670e942819.21f4f05ece3924be6986e91179ce571b.jpeg?odnHeight=576&amp;odnWidth=576&amp;odnBg=FFFFFF 2x" src="https://i5.walmartimages.com/asr/6689d57d-1612-439e-8bf0-84670e942819.21f4f05ece3924be6986e91179ce571b.jpeg?odnHeight=576&amp;odnWidth=576&amp;odnBg=FFFFFF" width="" height="" class="absolute top-0 left-0" data-testid="productTileImage" alt="Fresh Bartlett Pears, Each"/></div><div class="z-2 absolute bottom--1"><div class="relative dib" data-id="215642748"><button class="w_hhLG w_8nsR w_jDfj pointer bn sans-serif b ph2 flex items-center justify-center w-auto shadow-1" type="button" data-pcss-hide="true" data-automation-id="add-to-cart" aria-label="Add to cart - Fresh Bartlett Pears, Each"><i class="ld ld-Plus" style="font-size:1.5rem;vertical-align:-0.25em;width:1.5rem;height:1.5rem;box-sizing:content-box" title="add to cart"></i><span class="mr2">Add</span></button></div></div></div><div class="mt5 mb0" style="height:24px" data-testid="variant-215642748"></div><div data-automation-id="product-price" class="flex flex-wrap justify-start items-center lh-title mb1-m"><div class="mr1 mr2-xl b black lh-copy f5 f4-l" aria-hidden="true">$1.18</div><span class="w_iUH7">current price $1.18</span><div class="gray f7 f6-l"><span class="mr3">each<!-- --> </span></div><div class="gray mr1 f7 f6-l">$1.68/lb</div></div><span class=""><span class="w_V_DM" style="-webkit-line-clamp:3;padding-bottom:0em;margin-bottom:-0em"><span data-automation-id="product-title" class="normal dark-gray mb0 mt1 lh-title f6 f5-l">Fresh Bartlett Pears, Each</span></span></span><div class="flex items-center mt2"><span class="black inline-flex mr1" data-testid="product-ratings" data-value="1.6"><i class="ld ld-StarFill" style="font-size:12px;vertical-align:-0.175em;width:12px;height:12px;box-sizing:content-box" aria-hidden="true"></i><i class="ld ld-StarHalf" style="font-size:12px;vertical-align:-0.175em;width:12px;height:12px;box-sizing:content-box" aria-hidden="true"></i><i class="ld ld-Star" style="font-size:12px;vertical-align:-0.175em;width:12px;height:12px;box-sizing:content-box" aria-hidden="true"></i><i class="ld ld-Star" style="font-size:12px;vertical-align:-0.175em;width:12px;height:12px;box-sizing:content-box" aria-hidden="true"></i><i class="ld ld-Star" style="font-size:12px;vertical-align:-0.175em;width:12px;height:12px;box-sizing:content-box" aria-hidden="true"></i></span><span class="sans-serif gray f7" aria-hidden="true" data-testid="product-reviews" data-value="435">435</span><span class="w_iUH7">1.6 out of 5 Stars. 435 reviews</span></div><div></div><div class="mb2 mt2"><span class="w_iUH7">Available for Pickup or Delivery</span><span class="w_VbBP w_mFV6 w_I_19 w_3oNC w_AAn7 mr1 mt1 ph1" aria-hidden="true">Pickup</span><span class="w_VbBP w_mFV6 w_I_19 w_3oNC w_AAn7 mr1 mt1 ph1" aria-hidden="true">Delivery</span></div></div></li><li class="flex flex-column items-center pa1 pr2 pb2" data-slide="3"><div role="group" data-item-id="46491702" class="sans-serif mid-gray relative flex flex-column w-100 h-100 hide-child-opacity" data-testid="product-tile-3" aria-label="Product"><a link-identifier="46491702" class="absolute w-100 h-100 z-1 hide-sibling-opacity" target="" href="/ip/Fresh-Organic-Gala-Apples-3-lb-Bag/46491702?athcpid=46491702&amp;athpgid=AthenaContentPage_4740967&amp;athcgid=null&amp;athznid=ItemCarousel_5aa23f3c-cdff-469b-be3b-36b4cb7e1e43_items&amp;athieid=v0&amp;athstid=CS020&amp;athguid=s-SwGJlwQKwJx4-cn3aD3PFfAgOp1Vtd9RFT&amp;athancid=null&amp;athena=true"><span class="w_iUH7"><h3>Fresh Organic Gala Apples, 3 lb Bag</h3></span></a><div class="h2 relative mv2"></div><div class="relative"><div class="relative overflow-hidden" style="max-width:226px;height:0;padding-bottom:min(226px, 100%);align-self:center;width:min(226px, 100%)"><img loading="lazy" srcset="https://i5.walmartimages.com/asr/5480c119-02f7-46fa-b4fd-8fbf23371acf.f2a52e284233521d879585c73e8a85e3.jpeg?odnHeight=226&amp;odnWidth=226&amp;odnBg=FFFFFF 1x, https://i5.walmartimages.com/asr/5480c119-02f7-46fa-b4fd-8fbf23371acf.f2a52e284233521d879585c73e8a85e3.jpeg?odnHeight=576&amp;odnWidth=576&amp;odnBg=FFFFFF 2x" src="https://i5.walmartimages.com/asr/5480c119-02f7-46fa-b4fd-8fbf23371acf.f2a52e284233521d879585c73e8a85e3.jpeg?odnHeight=576&amp;odnWidth=576&amp;odnBg=FFFFFF" width="" height="" class="absolute top-0 left-0" data-testid="productTileImage" alt="Fresh Organic Gala Apples, 3 lb Bag"/></div><div class="z-2 absolute bottom--1"><div class="relative dib" data-id="46491702"><button class="w_hhLG w_8nsR w_jDfj pointer bn sans-serif b ph2 flex items-center justify-center w-auto shadow-1" type="button" data-pcss-hide="true" data-automation-id="add-to-cart" aria-label="Add to cart - Fresh Organic Gala Apples, 3 lb Bag"><i class="ld ld-Plus" style="font-size:1.5rem;vertical-align:-0.25em;width:1.5rem;height:1.5rem;box-sizing:content-box" title="add to cart"></i><span class="mr2">Add</span></button></div></div></div><div class="mt5 mb0" style="height:24px" data-testid="variant-46491702"></div><div data-automation-id="product-price" class="flex flex-wrap justify-start items-center lh-title mb1-m"><div class="mr1 mr2-xl b black lh-copy f5 f4-l" aria-hidden="true">$3.87</div><span class="w_iUH7">current price $3.87</span><div class="gray mr1 f7 f6-l">$1.29/lb</div></div><span class=""><span class="w_V_DM" style="-webkit-line-clamp:3;padding-bottom:0em;margin-bottom:-0em"><span data-automation-id="product-title" class="normal dark-gray mb0 mt1 lh-title f6 f5-l">Fresh Organic Gala Apples, 3 lb Bag</span></span></span><div class="flex items-center mt2"><span class="black inline-flex mr1" data-testid="product-ratings" data-value="2"><i class="ld ld-StarFill" style="font-size:12px;vertical-align:-0.175em;width:12px;height:12px;box-sizing:content-box" aria-hidden="true"></i><i class="ld ld-StarFill" style="font-size:12px;vertical-align:-0.175em;width:12px;height:12px;box-sizing:content-box" aria-hidden="true"></i><i class="ld ld-Star" style="font-size:12px;vertical-align:-0.175em;width:12px;height:12px;box-sizing:content-box" aria-hidden="true"></i><i class="ld ld-Star" style="font-size:12px;vertical-align:-0.175em;width:12px;height:12px;box-sizing:content-box" aria-hidden="true"></i><i class="ld ld-Star" style="font-size:12px;vertical-align:-0.175em;width:12px;height:12px;box-sizing:content-box" aria-hidden="true"></i></span><span class="sans-serif gray f7" aria-hidden="true" data-testid="product-reviews" data-value="245">245</span><span class="w_iUH7">2 out of 5 Stars. 245 reviews</span></div><div></div><div class="mb2 mt2"><span class="w_iUH7">Available for Pickup or Delivery</span><span class="w_VbBP w_mFV6 w_I_19 w_3oNC w_AAn7 mr1 mt1 ph1" aria-hidden="true">Pickup</span><span class="w_VbBP w_mFV6 w_I_19 w_3oNC w_AAn7 mr1 mt1 ph1" aria-hidden="true">Delivery</span></div></div></li><li class="flex flex-column items-center pa1 pr2 pb2" data-slide="4"><div role="group" data-item-id="44390943" class="sans-serif mid-gray relative flex flex-column w-100 h-100 hide-child-opacity" data-testid="product-tile-4" aria-label="Product"><a link-identifier="44390943" class="absolute w-100 h-100 z-1 hide-sibling-opacity" target="" href="/ip/Fresh-Green-Seedless-Grapes-Bag-2-25-lbs-bag-est/44390943?athcpid=44390943&amp;athpgid=AthenaContentPage_4740967&amp;athcgid=null&amp;athznid=ItemCarousel_5aa23f3c-cdff-469b-be3b-36b4cb7e1e43_items&amp;athieid=v0&amp;athstid=CS020&amp;athguid=s-SwGJlwQKwJx4-cn3aD3PFfAgOp1Vtd9RFT&amp;athancid=null&amp;athena=true&amp;athbdg=L1600"><span class="w_iUH7"><h3>Fresh Green Seedless Grapes, Bag (2.25 lbs/bag est.)</h3></span></a><div class="h2 relative mv2"><span class="w_VbBP w_mFV6 w_awtt w_3oNC w_3H8O tag-leading-badge absolute">Best seller</span></div><div class="relative"><div class="relative overflow-hidden" style="max-width:226px;height:0;padding-bottom:min(226px, 100%);align-self:center;width:min(226px, 100%)"><img loading="lazy" srcset="https://i5.walmartimages.com/asr/9b543e57-d12c-4b2f-af70-cbfc8166dce1.19eafb20170233f7df74f7a6c5ff5530.jpeg?odnHeight=226&amp;odnWidth=226&amp;odnBg=FFFFFF 1x, https://i5.walmartimages.com/asr/9b543e57-d12c-4b2f-af70-cbfc8166dce1.19eafb20170233f7df74f7a6c5ff5530.jpeg?odnHeight=576&amp;odnWidth=576&amp;odnBg=FFFFFF 2x" src="https://i5.walmartimages.com/asr/9b543e57-d12c-4b2f-af70-cbfc8166dce1.19eafb20170233f7df74f7a6c5ff5530.jpeg?odnHeight=576&amp;odnWidth=576&amp;odnBg=FFFFFF" width="" height="" class="absolute top-0 left-0" data-testid="productTileImage" alt="Fresh Green Seedless Grapes, Bag (2.25 lbs/bag est.)"/></div><div class="z-2 absolute bottom--1"><div class="relative dib" data-id="44390943"><button class="w_hhLG w_8nsR w_jDfj pointer bn sans-serif b ph2 flex items-center justify-center w-auto shadow-1" type="button" data-pcss-hide="true" data-automation-id="add-to-cart" aria-label="Add to cart - Fresh Green Seedless Grapes, Bag (2.25 lbs/bag est.)"><i class="ld ld-Plus" style="font-size:1.5rem;vertical-align:-0.25em;width:1.5rem;height:1.5rem;box-sizing:content-box" title="add to cart"></i><span class="mr2">Add</span></button></div></div></div><div class="mt5 mb0" style="height:24px" data-testid="variant-44390943"></div><div data-automation-id="product-price" class="flex flex-wrap justify-start items-center lh-title mb1-m"><div class="mr1 mr2-xl b black lh-copy f5 f4-l" aria-hidden="true">$5.36</div><span class="w_iUH7">current price $5.36</span><div class="gray f7 f6-l"><span class="mr3">each<!-- --> </span></div><div class="gray mr1 f7 f6-l">$2.38/lb</div></div><span class=""><span class="w_V_DM" style="-webkit-line-clamp:3;padding-bottom:0em;margin-bottom:-0em"><span data-automation-id="product-title" class="normal dark-gray mb0 mt1 lh-title f6 f5-l">Fresh Green Seedless Grapes, Bag (2.25 lbs/bag est.)</span></span></span><div class="flex items-center mt2"><span class="black inline-flex mr1" data-testid="product-ratings" data-value="1.6"><i class="ld ld-StarFill" style="font-size:12px;vertical-align:-0.175em;width:12px;height:12px;box-sizing:content-box" aria-hidden="true"></i><i class="ld ld-StarHalf" style="font-size:12px;vertical-align:-0.175em;width:12px;height:12px;box-sizing:content-box" aria-hidden="true"></i><i class="ld ld-Star" style="font-size:12px;vertical-align:-0.175em;width:12px;height:12px;box-sizing:content-box" aria-hidden="true"></i><i class="ld ld-Star" style="font-size:12px;vertical-align:-0.175em;width:12px;height:12px;box-sizing:content-box" aria-hidden="true"></i><i class="ld ld-Star" style="font-size:12px;vertical-align:-0.175em;width:12px;height:12px;box-sizing:content-box" aria-hidden="true"></i></span><span class="sans-serif gray f7" aria-hidden="true" data-testid="product-reviews" data-value="4114">4114</span><span class="w_iUH7">1.6 out of 5 Stars. 4114 reviews</span></div><div></div><div class="mb2 mt2"><span class="w_iUH7">Available for Pickup or Delivery</span><span class="w_VbBP w_mFV6 w_I_19 w_3oNC w_AAn7 mr1 mt1 ph1" aria-hidden="true">Pickup</span><span class="w_VbBP w_mFV6 w_I_19 w_3oNC w_AAn7 mr1 mt1 ph1" aria-hidden="true">Delivery</span></div></div></li><li class="flex flex-column items-center pa1 pr2 pb2" data-slide="5"><div role="group" data-item-id="44391101" class="sans-serif mid-gray relative flex flex-column w-100 h-100 hide-child-opacity" data-testid="product-tile-5" aria-label="Product"><a link-identifier="44391101" class="absolute w-100 h-100 z-1 hide-sibling-opacity" target="" href="/ip/Fresh-Seedless-Watermelon-Each/44391101?athcpid=44391101&amp;athpgid=AthenaContentPage_4740967&amp;athcgid=null&amp;athznid=ItemCarousel_5aa23f3c-cdff-469b-be3b-36b4cb7e1e43_items&amp;athieid=v0&amp;athstid=CS020&amp;athguid=s-SwGJlwQKwJx4-cn3aD3PFfAgOp1Vtd9RFT&amp;athancid=null&amp;athena=true"><span class="w_iUH7"><h3>Fresh Seedless Watermelon, Each</h3></span></a><div class="h2 relative mv2"></div><div class="relative"><div class="relative overflow-hidden" style="max-width:226px;height:0;padding-bottom:min(226px, 100%);align-self:center;width:min(226px, 100%)"><img loading="lazy" srcset="https://i5.walmartimages.com/asr/e2ec527d-fe7b-4309-9373-186de34557cf.1c562d1a69a2a8f4cb7b5de8f125fc76.jpeg?odnHeight=226&amp;odnWidth=226&amp;odnBg=FFFFFF 1x, https://i5.walmartimages.com/asr/e2ec527d-fe7b-4309-9373-186de34557cf.1c562d1a69a2a8f4cb7b5de8f125fc76.jpeg?odnHeight=576&amp;odnWidth=576&amp;odnBg=FFFFFF 2x" src="https://i5.walmartimages.com/asr/e2ec527d-fe7b-4309-9373-186de34557cf.1c562d1a69a2a8f4cb7b5de8f125fc76.jpeg?odnHeight=576&amp;odnWidth=576&amp;odnBg=FFFFFF" width="" height="" class="absolute top-0 left-0" data-testid="productTileImage" alt="Fresh Seedless Watermelon, Each"/></div><div class="z-2 absolute bottom--1"><div class="relative dib" data-id="44391101"><button class="w_hhLG w_8nsR w_jDfj pointer bn sans-serif b ph2 flex items-center justify-center w-auto shadow-1" type="button" data-pcss-hide="true" data-automation-id="add-to-cart" aria-label="Add to cart - Fresh Seedless Watermelon, Each"><i class="ld ld-Plus" style="font-size:1.5rem;vertical-align:-0.25em;width:1.5rem;height:1.5rem;box-sizing:content-box" title="add to cart"></i><span class="mr2">Add</span></button></div></div></div><div class="mt5 mb0" style="height:24px" data-testid="variant-44391101"></div><div data-automation-id="product-price" class="flex flex-wrap justify-start items-center lh-title mb1-m"><div class="mr1 mr2-xl b black lh-copy f5 f4-l" aria-hidden="true">$7.97</div><span class="w_iUH7">current price $7.97</span></div><span class=""><span class="w_V_DM" style="-webkit-line-clamp:3;padding-bottom:0em;margin-bottom:-0em"><span data-automation-id="product-title" class="normal dark-gray mb0 mt1 lh-title f6 f5-l">Fresh Seedless Watermelon, Each</span></span></span><div class="flex items-center mt2"><span class="black inline-flex mr1" data-testid="product-ratings" data-value="1.6"><i class="ld ld-StarFill" style="font-size:12px;vertical-align:-0.175em;width:12px;height:12px;box-sizing:content-box" aria-hidden="true"></i><i class="ld ld-StarHalf" style="font-size:12px;vertical-align:-0.175em;width:12px;height:12px;box-sizing:content-box" aria-hidden="true"></i><i class="ld ld-Star" style="font-size:12px;vertical-align:-0.175em;width:12px;height:12px;box-sizing:content-box" aria-hidden="true"></i><i class="ld ld-Star" style="font-size:12px;vertical-align:-0.175em;width:12px;height:12px;box-sizing:content-box" aria-hidden="true"></i><i class="ld ld-Star" style="font-size:12px;vertical-align:-0.175em;width:12px;height:12px;box-sizing:content-box" aria-hidden="true"></i></span><span class="sans-serif gray f7" aria-hidden="true" data-testid="product-reviews" data-value="3695">3695</span><span class="w_iUH7">1.6 out of 5 Stars. 3695 reviews</span></div><div></div><div class="mb2 mt2"><span class="w_iUH7">Available for Pickup or Delivery</span><span class="w_VbBP w_mFV6 w_I_19 w_3oNC w_AAn7 mr1 mt1 ph1" aria-hidden="true">Pickup</span><span class="w_VbBP w_mFV6 w_I_19 w_3oNC w_AAn7 mr1 mt1 ph1" aria-hidden="true">Delivery</span></div></div></li><li class="flex flex-column items-center pa1 pr2 pb2" data-slide="6"><div role="group" data-item-id="622057236" class="sans-serif mid-gray relative flex flex-column w-100 h-100 hide-child-opacity" data-testid="product-tile-6" aria-label="Product"><a link-identifier="622057236" class="absolute w-100 h-100 z-1 hide-sibling-opacity" target="" href="/ip/Fresh-Blackberries-12-oz-Container/622057236?athcpid=622057236&amp;athpgid=AthenaContentPage_4740967&amp;athcgid=null&amp;athznid=ItemCarousel_5aa23f3c-cdff-469b-be3b-36b4cb7e1e43_items&amp;athieid=v0&amp;athstid=CS020&amp;athguid=s-SwGJlwQKwJx4-cn3aD3PFfAgOp1Vtd9RFT&amp;athancid=null&amp;athena=true"><span class="w_iUH7"><h3>Fresh Blackberries, 12 oz Container</h3></span></a><div class="h2 relative mv2"></div><div class="relative"><div class="relative overflow-hidden" style="max-width:226px;height:0;padding-bottom:min(226px, 100%);align-self:center;width:min(226px, 100%)"><img loading="lazy" srcset="https://i5.walmartimages.com/asr/dc9b9465-0c58-4147-b88d-5c86ea54de31.eb8bb8d17115d97ee43755f9e9e2f76c.jpeg?odnHeight=226&amp;odnWidth=226&amp;odnBg=FFFFFF 1x, https://i5.walmartimages.com/asr/dc9b9465-0c58-4147-b88d-5c86ea54de31.eb8bb8d17115d97ee43755f9e9e2f76c.jpeg?odnHeight=576&amp;odnWidth=576&amp;odnBg=FFFFFF 2x" src="https://i5.walmartimages.com/asr/dc9b9465-0c58-4147-b88d-5c86ea54de31.eb8bb8d17115d97ee43755f9e9e2f76c.jpeg?odnHeight=576&amp;odnWidth=576&amp;odnBg=FFFFFF" width="" height="" class="absolute top-0 left-0" data-testid="productTileImage" alt="Fresh Blackberries, 12 oz Container"/></div><div class="z-2 absolute bottom--1"><div class="relative dib" data-id="622057236"><button class="w_hhLG w_8nsR w_jDfj pointer bn sans-serif b ph2 flex items-center justify-center w-auto shadow-1" type="button" data-pcss-hide="true" data-automation-id="add-to-cart" aria-label="Add to cart - Fresh Blackberries, 12 oz Container"><i class="ld ld-Plus" style="font-size:1.5rem;vertical-align:-0.25em;width:1.5rem;height:1.5rem;box-sizing:content-box" title="add to cart"></i><span class="mr2">Add</span></button></div></div></div><div class="mt5 mb0" style="height:24px" data-testid="variant-622057236"></div><div data-automation-id="product-price" class="flex flex-wrap justify-start items-center lh-title mb1-m"><div class="mr1 mr2-xl b black lh-copy f5 f4-l" aria-hidden="true">$4.94</div><span class="w_iUH7">current price $4.94</span><div class="gray mr1 f7 f6-l">41.2 ¢/oz</div></div><span class=""><span class="w_V_DM" style="-webkit-line-clamp:3;padding-bottom:0em;margin-bottom:-0em"><span data-automation-id="product-title" class="normal dark-gray mb0 mt1 lh-title f6 f5-l">Fresh Blackberries, 12 oz Container</span></span></span><div class="flex items-center mt2"><span class="black inline-flex mr1" data-testid="product-ratings" data-value="1.6"><i class="ld ld-StarFill" style="font-size:12px;vertical-align:-0.175em;width:12px;height:12px;box-sizing:content-box" aria-hidden="true"></i><i class="ld ld-StarHalf" style="font-size:12px;vertical-align:-0.175em;width:12px;height:12px;box-sizing:content-box" aria-hidden="true"></i><i class="ld ld-Star" style="font-size:12px;vertical-align:-0.175em;width:12px;height:12px;box-sizing:content-box" aria-hidden="true"></i><i class="ld ld-Star" style="font-size:12px;vertical-align:-0.175em;width:12px;height:12px;box-sizing:content-box" aria-hidden="true"></i><i class="ld ld-Star" style="font-size:12px;vertical-align:-0.175em;width:12px;height:12px;box-sizing:content-box" aria-hidden="true"></i></span><span class="sans-serif gray f7" aria-hidden="true" data-testid="product-reviews" data-value="521">521</span><span class="w_iUH7">1.6 out of 5 Stars. 521 reviews</span></div><div></div><div class="mb2 mt2"><span class="w_iUH7">Available for Pickup or Delivery</span><span class="w_VbBP w_mFV6 w_I_19 w_3oNC w_AAn7 mr1 mt1 ph1" aria-hidden="true">Pickup</span><span class="w_VbBP w_mFV6 w_I_19 w_3oNC w_AAn7 mr1 mt1 ph1" aria-hidden="true">Delivery</span></div></div></li><li class="flex flex-column items-center pa1 pr2 pb2" data-slide="7"><div role="group" data-item-id="44390974" class="sans-serif mid-gray relative flex flex-column w-100 h-100 hide-child-opacity" data-testid="product-tile-7" aria-label="Product"><a link-identifier="44390974" class="absolute w-100 h-100 z-1 hide-sibling-opacity" target="" href="/ip/Fresh-Cantaloupe-Each/44390974?athcpid=44390974&amp;athpgid=AthenaContentPage_4740967&amp;athcgid=null&amp;athznid=ItemCarousel_5aa23f3c-cdff-469b-be3b-36b4cb7e1e43_items&amp;athieid=v0&amp;athstid=CS020&amp;athguid=s-SwGJlwQKwJx4-cn3aD3PFfAgOp1Vtd9RFT&amp;athancid=null&amp;athena=true&amp;athbdg=L1600"><span class="w_iUH7"><h3>Fresh Cantaloupe, Each</h3></span></a><div class="h2 relative mv2"><span class="w_VbBP w_mFV6 w_awtt w_3oNC w_3H8O tag-leading-badge absolute">Best seller</span></div><div class="relative"><div class="relative overflow-hidden" style="max-width:226px;height:0;padding-bottom:min(226px, 100%);align-self:center;width:min(226px, 100%)"><img loading="lazy" srcset="https://i5.walmartimages.com/asr/fb4c18a5-9367-4770-b99f-7518c72db482.5609c32e87a3110b734aad048bf9fe35.jpeg?odnHeight=226&amp;odnWidth=226&amp;odnBg=FFFFFF 1x, https://i5.walmartimages.com/asr/fb4c18a5-9367-4770-b99f-7518c72db482.5609c32e87a3110b734aad048bf9fe35.jpeg?odnHeight=576&amp;odnWidth=576&amp;odnBg=FFFFFF 2x" src="https://i5.walmartimages.com/asr/fb4c18a5-9367-4770-b99f-7518c72db482.5609c32e87a3110b734aad048bf9fe35.jpeg?odnHeight=576&amp;odnWidth=576&amp;odnBg=FFFFFF" width="" height="" class="absolute top-0 left-0" data-testid="productTileImage" alt="Fresh Cantaloupe, Each"/></div><div class="z-2 absolute bottom--1"><div class="relative dib" data-id="44390974"><button class="w_hhLG w_8nsR w_jDfj pointer bn sans-serif b ph2 flex items-center justify-center w-auto shadow-1" type="button" data-pcss-hide="true" data-automation-id="add-to-cart" aria-label="Add to cart - Fresh Cantaloupe, Each"><i class="ld ld-Plus" style="font-size:1.5rem;vertical-align:-0.25em;width:1.5rem;height:1.5rem;box-sizing:content-box" title="add to cart"></i><span class="mr2">Add</span></button></div></div></div><div class="mt5 mb0" style="height:24px" data-testid="variant-44390974"></div><div data-automation-id="product-price" class="flex flex-wrap justify-start items-center lh-title mb1-m"><div class="mr1 mr2-xl b black lh-copy f5 f4-l" aria-hidden="true">$2.98</div><span class="w_iUH7">current price $2.98</span></div><span class=""><span class="w_V_DM" style="-webkit-line-clamp:3;padding-bottom:0em;margin-bottom:-0em"><span data-automation-id="product-title" class="normal dark-gray mb0 mt1 lh-title f6 f5-l">Fresh Cantaloupe, Each</span></span></span><div class="flex items-center mt2"><span class="black inline-flex mr1" data-testid="product-ratings" data-value="1.6"><i class="ld ld-StarFill" style="font-size:12px;vertical-align:-0.175em;width:12px;height:12px;box-sizing:content-box" aria-hidden="true"></i><i class="ld ld-StarHalf" style="font-size:12px;vertical-align:-0.175em;width:12px;height:12px;box-sizing:content-box" aria-hidden="true"></i><i class="ld ld-Star" style="font-size:12px;vertical-align:-0.175em;width:12px;height:12px;box-sizing:content-box" aria-hidden="true"></i><i class="ld ld-Star" style="font-size:12px;vertical-align:-0.175em;width:12px;height:12px;box-sizing:content-box" aria-hidden="true"></i><i class="ld ld-Star" style="font-size:12px;vertical-align:-0.175em;width:12px;height:12px;box-sizing:content-box" aria-hidden="true"></i></span><span class="sans-serif gray f7" aria-hidden="true" data-testid="product-reviews" data-value="1999">1999</span><span class="w_iUH7">1.6 out of 5 Stars. 1999 reviews</span></div><div></div><div class="mb2 mt2"><span class="w_iUH7">Available for Pickup or Delivery</span><span class="w_VbBP w_mFV6 w_I_19 w_3oNC w_AAn7 mr1 mt1 ph1" aria-hidden="true">Pickup</span><span class="w_VbBP w_mFV6 w_I_19 w_3oNC w_AAn7 mr1 mt1 ph1" aria-hidden="true">Delivery</span></div></div></li><li class="flex flex-column items-center pa1 pr2 pb2" data-slide="8"><div role="group" data-item-id="162577028" class="sans-serif mid-gray relative flex flex-column w-100 h-100 hide-child-opacity" data-testid="product-tile-8" aria-label="Product"><a link-identifier="162577028" class="absolute w-100 h-100 z-1 hide-sibling-opacity" target="" href="/ip/Fresh-Navel-Orange-Each/162577028?athcpid=162577028&amp;athpgid=AthenaContentPage_4740967&amp;athcgid=null&amp;athznid=ItemCarousel_5aa23f3c-cdff-469b-be3b-36b4cb7e1e43_items&amp;athieid=v0&amp;athstid=CS020&amp;athguid=s-SwGJlwQKwJx4-cn3aD3PFfAgOp1Vtd9RFT&amp;athancid=null&amp;athena=true&amp;athbdg=L1600"><span class="w_iUH7"><h3>Fresh Navel Orange, Each</h3></span></a><div class="h2 relative mv2"><span class="w_VbBP w_mFV6 w_awtt w_3oNC w_3H8O tag-leading-badge absolute">Best seller</span></div><div class="relative"><div class="relative overflow-hidden" style="max-width:226px;height:0;padding-bottom:min(226px, 100%);align-self:center;width:min(226px, 100%)"><img loading="lazy" srcset="https://i5.walmartimages.com/asr/a6054c7f-7e7b-4de8-9f04-1f87bafa4c3e.76cf34255799375020421060def8bb2e.jpeg?odnHeight=226&amp;odnWidth=226&amp;odnBg=FFFFFF 1x, https://i5.walmartimages.com/asr/a6054c7f-7e7b-4de8-9f04-1f87bafa4c3e.76cf34255799375020421060def8bb2e.jpeg?odnHeight=576&amp;odnWidth=576&amp;odnBg=FFFFFF 2x" src="https://i5.walmartimages.com/asr/a6054c7f-7e7b-4de8-9f04-1f87bafa4c3e.76cf34255799375020421060def8bb2e.jpeg?odnHeight=576&amp;odnWidth=576&amp;odnBg=FFFFFF" width="" height="" class="absolute top-0 left-0" data-testid="productTileImage" alt="Fresh Navel Orange, Each"/></div><div class="z-2 absolute bottom--1"><div class="relative dib" data-id="162577028"><button class="w_hhLG w_8nsR w_jDfj pointer bn sans-serif b ph2 flex items-center justify-center w-auto shadow-1" type="button" data-pcss-hide="true" data-automation-id="add-to-cart" aria-label="Add to cart - Fresh Navel Orange, Each"><i class="ld ld-Plus" style="font-size:1.5rem;vertical-align:-0.25em;width:1.5rem;height:1.5rem;box-sizing:content-box" title="add to cart"></i><span class="mr2">Add</span></button></div></div></div><div class="mt5 mb0" style="height:24px" data-testid="variant-162577028"></div><div data-automation-id="product-price" class="flex flex-wrap justify-start items-center lh-title mb1-m"><div class="mr1 mr2-xl b black lh-copy f5 f4-l" aria-hidden="true">$0.88</div><span class="w_iUH7">current price $0.88</span></div><span class=""><span class="w_V_DM" style="-webkit-line-clamp:3;padding-bottom:0em;margin-bottom:-0em"><span data-automation-id="product-title" class="normal dark-gray mb0 mt1 lh-title f6 f5-l">Fresh Navel Orange, Each</span></span></span><div class="flex items-center mt2"><span class="black inline-flex mr1" data-testid="product-ratings" data-value="2.1"><i class="ld ld-StarFill" style="font-size:12px;vertical-align:-0.175em;width:12px;height:12px;box-sizing:content-box" aria-hidden="true"></i><i class="ld ld-StarFill" style="font-size:12px;vertical-align:-0.175em;width:12px;height:12px;box-sizing:content-box" aria-hidden="true"></i><i class="ld ld-Star" style="font-size:12px;vertical-align:-0.175em;width:12px;height:12px;box-sizing:content-box" aria-hidden="true"></i><i class="ld ld-Star" style="font-size:12px;vertical-align:-0.175em;width:12px;height:12px;box-sizing:content-box" aria-hidden="true"></i><i class="ld ld-Star" style="font-size:12px;vertical-align:-0.175em;width:12px;height:12px;box-sizing:content-box" aria-hidden="true"></i></span><span class="sans-serif gray f7" aria-hidden="true" data-testid="product-reviews" data-value="757">757</span><span class="w_iUH7">2.1 out of 5 Stars. 757 reviews</span></div><div></div><div class="mb2 mt2"><span class="w_iUH7">Available for Pickup or Delivery</span><span class="w_VbBP w_mFV6 w_I_19 w_3oNC w_AAn7 mr1 mt1 ph1" aria-hidden="true">Pickup</span><span class="w_VbBP w_mFV6 w_I_19 w_3oNC w_AAn7 mr1 mt1 ph1" aria-hidden="true">Delivery</span></div></div></li><li class="flex flex-column items-center pa1 pr2 pb2" data-slide="9"><div role="group" data-item-id="381105260" class="sans-serif mid-gray relative flex flex-column w-100 h-100 hide-child-opacity" data-testid="product-tile-9" aria-label="Product"><a link-identifier="381105260" class="absolute w-100 h-100 z-1 hide-sibling-opacity" target="" href="/ip/Fresh-Black-Seedless-Grapes-Bag-2-25-lbs-Bag-Est/381105260?athcpid=381105260&amp;athpgid=AthenaContentPage_4740967&amp;athcgid=null&amp;athznid=ItemCarousel_5aa23f3c-cdff-469b-be3b-36b4cb7e1e43_items&amp;athieid=v0&amp;athstid=CS020&amp;athguid=s-SwGJlwQKwJx4-cn3aD3PFfAgOp1Vtd9RFT&amp;athancid=null&amp;athena=true"><span class="w_iUH7"><h3>Fresh Black Seedless Grapes, Bag (2.25 lbs/Bag Est.)</h3></span></a><div class="h2 relative mv2"></div><div class="relative"><div class="relative overflow-hidden" style="max-width:226px;height:0;padding-bottom:min(226px, 100%);align-self:center;width:min(226px, 100%)"><img loading="lazy" srcset="https://i5.walmartimages.com/asr/6f89a0a5-18ae-4379-a557-f6c14d266cc7.33742cb3c32f2d2cf840cada6833ab97.jpeg?odnHeight=226&amp;odnWidth=226&amp;odnBg=FFFFFF 1x, https://i5.walmartimages.com/asr/6f89a0a5-18ae-4379-a557-f6c14d266cc7.33742cb3c32f2d2cf840cada6833ab97.jpeg?odnHeight=576&amp;odnWidth=576&amp;odnBg=FFFFFF 2x" src="https://i5.walmartimages.com/asr/6f89a0a5-18ae-4379-a557-f6c14d266cc7.33742cb3c32f2d2cf840cada6833ab97.jpeg?odnHeight=576&amp;odnWidth=576&amp;odnBg=FFFFFF" width="" height="" class="absolute top-0 left-0" data-testid="productTileImage" alt="Fresh Black Seedless Grapes, Bag (2.25 lbs/Bag Est.)"/></div><div class="z-2 absolute bottom--1"><div class="relative dib" data-id="381105260"><button class="w_hhLG w_8nsR w_jDfj pointer bn sans-serif b ph2 flex items-center justify-center w-auto shadow-1" type="button" data-pcss-hide="true" data-automation-id="add-to-cart" aria-label="Add to cart - Fresh Black Seedless Grapes, Bag (2.25 lbs/Bag Est.)"><i class="ld ld-Plus" style="font-size:1.5rem;vertical-align:-0.25em;width:1.5rem;height:1.5rem;box-sizing:content-box" title="add to cart"></i><span class="mr2">Add</span></button></div></div></div><div class="mt5 mb0" style="height:24px" data-testid="variant-381105260"></div><div data-automation-id="product-price" class="flex flex-wrap justify-start items-center lh-title mb1-m"><div class="mr1 mr2-xl b black lh-copy f5 f4-l" aria-hidden="true">$5.36</div><span class="w_iUH7">current price $5.36</span><div class="gray f7 f6-l"><span class="mr3">each<!-- --> </span></div><div class="gray mr1 f7 f6-l">$2.38/lb</div></div><span class=""><span class="w_V_DM" style="-webkit-line-clamp:3;padding-bottom:0em;margin-bottom:-0em"><span data-automation-id="product-title" class="normal dark-gray mb0 mt1 lh-title f6 f5-l">Fresh Black Seedless Grapes, Bag (2.25 lbs/Bag Est.)</span></span></span><div class="flex items-center mt2"><span class="black inline-flex mr1" data-testid="product-ratings" data-value="2.1"><i class="ld ld-StarFill" style="font-size:12px;vertical-align:-0.175em;width:12px;height:12px;box-sizing:content-box" aria-hidden="true"></i><i class="ld ld-StarFill" style="font-size:12px;vertical-align:-0.175em;width:12px;height:12px;box-sizing:content-box" aria-hidden="true"></i><i class="ld ld-Star" style="font-size:12px;vertical-align:-0.175em;width:12px;height:12px;box-sizing:content-box" aria-hidden="true"></i><i class="ld ld-Star" style="font-size:12px;vertical-align:-0.175em;width:12px;height:12px;box-sizing:content-box" aria-hidden="true"></i><i class="ld ld-Star" style="font-size:12px;vertical-align:-0.175em;width:12px;height:12px;box-sizing:content-box" aria-hidden="true"></i></span><span class="sans-serif gray f7" aria-hidden="true" data-testid="product-reviews" data-value="776">776</span><span class="w_iUH7">2.1 out of 5 Stars. 776 reviews</span></div><div></div><div class="mb2 mt2"><span class="w_iUH7">Available for Pickup or Delivery</span><span class="w_VbBP w_mFV6 w_I_19 w_3oNC w_AAn7 mr1 mt1 ph1" aria-hidden="true">Pickup</span><span class="w_VbBP w_mFV6 w_I_19 w_3oNC w_AAn7 mr1 mt1 ph1" aria-hidden="true">Delivery</span></div></div></li></ul><a link-identifier="horizontalScrollerNext" class="absolute dn z-5 bg-white br-100 pa0 pointer db-l br-100 nav-control right-1" aria-label="Next slide for Product Carousel list" data-testid="horizontal-scroller-next" role="button"><i class="ld ld-ChevronRight" style="font-size:1.5rem;vertical-align:-0.25em;padding:12px;width:1.5rem;height:1.5rem;box-sizing:content-box"></i></a></div></section></section></div> <div class="mv3 mv4-xl ml3 ml0-l bb b--near-white"><section><section><header class="flex justify-between mb3 mb2-m pr3 pr4-m pr0-xl items-baseline"><section style="flex:1"><div><div><div class="inline-flex "><h2 class="f4 f3-m lh-title ma0 ">Add fruits &amp; veggies</h2></div></div></div></section></header><div class="flex flex-column justify-center relative" data-testid="horizontal-scroller-Product Carousel"><a link-identifier="horizontalScrollerPrevious" class="absolute dn z-5 bg-white br-100 pa0 pointer hidden-child br-100 nav-control left-1" aria-label="Previous slide for Product Carousel list" data-testid="horizontal-scroller-previous" role="button"><i class="ld ld-ChevronLeft" style="font-size:1.5rem;vertical-align:-0.25em;padding:12px;width:1.5rem;height:1.5rem;box-sizing:content-box"></i></a><ul style="display:grid;grid-auto-flow:column;scroll-snap-type:x mandatory;max-height:fit-content" class="list ma0 pl0 overflow-x-scroll hidesb hidesb-wk relative overflow-y-hidden carousel-peek-2 carousel-6-l carousel-3-m pr3-m" data-testid="carousel-container"><li class="flex flex-column items-center pa1 pr2 pb2" data-slide="0"><div role="group" data-item-id="47770140" class="sans-serif mid-gray relative flex flex-column w-100 h-100 hide-child-opacity" data-testid="product-tile-0" aria-label="Product"><a link-identifier="47770140" class="absolute w-100 h-100 z-1 hide-sibling-opacity" target="" href="/ip/Fresh-Red-Seedless-Grapes-Bag-2-25-lbs-Bag-Est/47770140?athcpid=47770140&amp;athpgid=AthenaContentPage_4740967&amp;athcgid=null&amp;athznid=ItemCarousel_609cfcd5-94e8-49e0-a1a5-9da154517b3d_items&amp;athieid=v0&amp;athstid=CS020&amp;athguid=s-SwGJlwQKwJx4-cn3aD3PFfAgOp1Vtd9RFT&amp;athancid=null&amp;athena=true&amp;athbdg=L1600"><span class="w_iUH7"><h3>Fresh Red Seedless Grapes, Bag (2.25 lbs/Bag Est.)</h3></span></a><div class="h2 relative mv2"><span class="w_VbBP w_mFV6 w_awtt w_3oNC w_3H8O tag-leading-badge absolute">Best seller</span></div><div class="relative"><div class="relative overflow-hidden" style="max-width:226px;height:0;padding-bottom:min(226px, 100%);align-self:center;width:min(226px, 100%)"><img loading="lazy" srcset="https://i5.walmartimages.com/asr/c78cf78a-bc60-46e3-b8ff-93f6429ac324.f343f4f1450299d85cb7270777d2594a.jpeg?odnHeight=226&amp;odnWidth=226&amp;odnBg=FFFFFF 1x, https://i5.walmartimages.com/asr/c78cf78a-bc60-46e3-b8ff-93f6429ac324.f343f4f1450299d85cb7270777d2594a.jpeg?odnHeight=576&amp;odnWidth=576&amp;odnBg=FFFFFF 2x" src="https://i5.walmartimages.com/asr/c78cf78a-bc60-46e3-b8ff-93f6429ac324.f343f4f1450299d85cb7270777d2594a.jpeg?odnHeight=576&amp;odnWidth=576&amp;odnBg=FFFFFF" width="" height="" class="absolute top-0 left-0" data-testid="productTileImage" alt="Fresh Red Seedless Grapes, Bag (2.25 lbs/Bag Est.)"/></div><div class="z-2 absolute bottom--1"><div class="relative dib" data-id="47770140"><button class="w_hhLG w_8nsR w_jDfj pointer bn sans-serif b ph2 flex items-center justify-center w-auto shadow-1" type="button" data-pcss-hide="true" data-automation-id="add-to-cart" aria-label="Add to cart - Fresh Red Seedless Grapes, Bag (2.25 lbs/Bag Est.)"><i class="ld ld-Plus" style="font-size:1.5rem;vertical-align:-0.25em;width:1.5rem;height:1.5rem;box-sizing:content-box" title="add to cart"></i><span class="mr2">Add</span></button></div></div></div><div class="mt5 mb0" style="height:24px" data-testid="variant-47770140"></div><div data-automation-id="product-price" class="flex flex-wrap justify-start items-center lh-title mb1-m"><div class="mr1 mr2-xl b black lh-copy f5 f4-l" aria-hidden="true">$5.36</div><span class="w_iUH7">current price $5.36</span><div class="gray f7 f6-l"><span class="mr3">each<!-- --> </span></div><div class="gray mr1 f7 f6-l">$2.38/lb</div></div><span class=""><span class="w_V_DM" style="-webkit-line-clamp:3;padding-bottom:0em;margin-bottom:-0em"><span data-automation-id="product-title" class="normal dark-gray mb0 mt1 lh-title f6 f5-l">Fresh Red Seedless Grapes, Bag (2.25 lbs/Bag Est.)</span></span></span><div class="flex items-center mt2"><span class="black inline-flex mr1" data-testid="product-ratings" data-value="1.8"><i class="ld ld-StarFill" style="font-size:12px;vertical-align:-0.175em;width:12px;height:12px;box-sizing:content-box" aria-hidden="true"></i><i class="ld ld-StarFill" style="font-size:12px;vertical-align:-0.175em;width:12px;height:12px;box-sizing:content-box" aria-hidden="true"></i><i class="ld ld-Star" style="font-size:12px;vertical-align:-0.175em;width:12px;height:12px;box-sizing:content-box" aria-hidden="true"></i><i class="ld ld-Star" style="font-size:12px;vertical-align:-0.175em;width:12px;height:12px;box-sizing:content-box" aria-hidden="true"></i><i class="ld ld-Star" style="font-size:12px;vertical-align:-0.175em;width:12px;height:12px;box-sizing:content-box" aria-hidden="true"></i></span><span class="sans-serif gray f7" aria-hidden="true" data-testid="product-reviews" data-value="3958">3958</span><span class="w_iUH7">1.8 out of 5 Stars. 3958 reviews</span></div><div></div><div class="mb2 mt2"><span class="w_iUH7">Available for Pickup or Delivery</span><span class="w_VbBP w_mFV6 w_I_19 w_3oNC w_AAn7 mr1 mt1 ph1" aria-hidden="true">Pickup</span><span class="w_VbBP w_mFV6 w_I_19 w_3oNC w_AAn7 mr1 mt1 ph1" aria-hidden="true">Delivery</span></div></div></li><li class="flex flex-column items-center pa1 pr2 pb2" data-slide="1"><div role="group" data-item-id="785305323" class="sans-serif mid-gray relative flex flex-column w-100 h-100 hide-child-opacity" data-testid="product-tile-1" aria-label="Product"><a link-identifier="785305323" class="absolute w-100 h-100 z-1 hide-sibling-opacity" target="" href="/ip/Great-Value-Stuffed-Feta-Cheese-Green-Olives-7oz-Jar/785305323?athcpid=785305323&amp;athpgid=AthenaContentPage_4740967&amp;athcgid=null&amp;athznid=ItemCarousel_609cfcd5-94e8-49e0-a1a5-9da154517b3d_items&amp;athieid=v0&amp;athstid=CS020&amp;athguid=s-SwGJlwQKwJx4-cn3aD3PFfAgOp1Vtd9RFT&amp;athancid=null&amp;athena=true"><span class="w_iUH7"><h3>Great Value Stuffed Feta Cheese Green Olives, 7oz Jar</h3></span></a><div class="h2 relative mv2"></div><div class="relative"><div class="relative overflow-hidden" style="max-width:226px;height:0;padding-bottom:min(226px, 100%);align-self:center;width:min(226px, 100%)"><img loading="lazy" srcset="https://i5.walmartimages.com/asr/fbc53d25-fe45-4c9a-a97c-2462eb4f70c6.1ff89b9a878373700d245c977756a6c3.jpeg?odnHeight=226&amp;odnWidth=226&amp;odnBg=FFFFFF 1x, https://i5.walmartimages.com/asr/fbc53d25-fe45-4c9a-a97c-2462eb4f70c6.1ff89b9a878373700d245c977756a6c3.jpeg?odnHeight=576&amp;odnWidth=576&amp;odnBg=FFFFFF 2x" src="https://i5.walmartimages.com/asr/fbc53d25-fe45-4c9a-a97c-2462eb4f70c6.1ff89b9a878373700d245c977756a6c3.jpeg?odnHeight=576&amp;odnWidth=576&amp;odnBg=FFFFFF" width="" height="" class="absolute top-0 left-0" data-testid="productTileImage" alt="Great Value Stuffed Feta Cheese Green Olives, 7oz Jar"/></div><div class="z-2 absolute bottom--1"><div class="relative dib" data-id="785305323"><button class="w_hhLG w_8nsR w_jDfj pointer bn sans-serif b ph2 flex items-center justify-center w-auto shadow-1" type="button" data-pcss-hide="true" data-automation-id="add-to-cart" aria-label="Add to cart - Great Value Stuffed Feta Cheese Green Olives, 7oz Jar"><i class="ld ld-Plus" style="font-size:1.5rem;vertical-align:-0.25em;width:1.5rem;height:1.5rem;box-sizing:content-box" title="add to cart"></i><span class="mr2">Add</span></button></div></div></div><div class="mt5 mb0" style="height:24px" data-testid="variant-785305323"></div><div data-automation-id="product-price" class="flex flex-wrap justify-start items-center lh-title mb1-m"><div class="mr1 mr2-xl b black lh-copy f5 f4-l" aria-hidden="true">$3.34</div><span class="w_iUH7">current price $3.34</span><div class="gray mr1 f7 f6-l">47.7 ¢/oz</div></div><span class=""><span class="w_V_DM" style="-webkit-line-clamp:3;padding-bottom:0em;margin-bottom:-0em"><span data-automation-id="product-title" class="normal dark-gray mb0 mt1 lh-title f6 f5-l">Great Value Stuffed Feta Cheese Green Olives, 7oz Jar</span></span></span><div class="flex items-center mt2"><span class="black inline-flex mr1" data-testid="product-ratings" data-value="3.7"><i class="ld ld-StarFill" style="font-size:12px;vertical-align:-0.175em;width:12px;height:12px;box-sizing:content-box" aria-hidden="true"></i><i class="ld ld-StarFill" style="font-size:12px;vertical-align:-0.175em;width:12px;height:12px;box-sizing:content-box" aria-hidden="true"></i><i class="ld ld-StarFill" style="font-size:12px;vertical-align:-0.175em;width:12px;height:12px;box-sizing:content-box" aria-hidden="true"></i><i class="ld ld-StarHalf" style="font-size:12px;vertical-align:-0.175em;width:12px;height:12px;box-sizing:content-box" aria-hidden="true"></i><i class="ld ld-Star" style="font-size:12px;vertical-align:-0.175em;width:12px;height:12px;box-sizing:content-box" aria-hidden="true"></i></span><span class="sans-serif gray f7" aria-hidden="true" data-testid="product-reviews" data-value="40">40</span><span class="w_iUH7">3.7 out of 5 Stars. 40 reviews</span></div><div></div><div class="mb2 mt2"><span class="w_iUH7">Available for Pickup or Delivery</span><span class="w_VbBP w_mFV6 w_I_19 w_3oNC w_AAn7 mr1 mt1 ph1" aria-hidden="true">Pickup</span><span class="w_VbBP w_mFV6 w_I_19 w_3oNC w_AAn7 mr1 mt1 ph1" aria-hidden="true">Delivery</span></div></div></li><li class="flex flex-column items-center pa1 pr2 pb2" data-slide="2"><div role="group" data-item-id="10315439" class="sans-serif mid-gray relative flex flex-column w-100 h-100 hide-child-opacity" data-testid="product-tile-2" aria-label="Product"><a link-identifier="10315439" class="absolute w-100 h-100 z-1 hide-sibling-opacity" target="" href="/ip/Great-Value-Stuffed-Manzanilla-Olives-with-Minced-Pimento-10-oz-Jar/10315439?athcpid=10315439&amp;athpgid=AthenaContentPage_4740967&amp;athcgid=null&amp;athznid=ItemCarousel_609cfcd5-94e8-49e0-a1a5-9da154517b3d_items&amp;athieid=v0&amp;athstid=CS020&amp;athguid=s-SwGJlwQKwJx4-cn3aD3PFfAgOp1Vtd9RFT&amp;athancid=null&amp;athena=true&amp;athbdg=L1600"><span class="w_iUH7"><h3>Great Value Stuffed Manzanilla Olives with Minced Pimento, 10 oz Jar</h3></span></a><div class="h2 relative mv2"><span class="w_VbBP w_mFV6 w_awtt w_3oNC w_3H8O tag-leading-badge absolute">Best seller</span></div><div class="relative"><div class="relative overflow-hidden" style="max-width:226px;height:0;padding-bottom:min(226px, 100%);align-self:center;width:min(226px, 100%)"><img loading="lazy" srcset="https://i5.walmartimages.com/asr/ee60bcca-30fc-4e3a-ac79-08cf551b72d9.5500b3c1cf2c1e850101a6fef5ec525c.jpeg?odnHeight=226&amp;odnWidth=226&amp;odnBg=FFFFFF 1x, https://i5.walmartimages.com/asr/ee60bcca-30fc-4e3a-ac79-08cf551b72d9.5500b3c1cf2c1e850101a6fef5ec525c.jpeg?odnHeight=576&amp;odnWidth=576&amp;odnBg=FFFFFF 2x" src="https://i5.walmartimages.com/asr/ee60bcca-30fc-4e3a-ac79-08cf551b72d9.5500b3c1cf2c1e850101a6fef5ec525c.jpeg?odnHeight=576&amp;odnWidth=576&amp;odnBg=FFFFFF" width="" height="" class="absolute top-0 left-0" data-testid="productTileImage" alt="Great Value Stuffed Manzanilla Olives with Minced Pimento, 10 oz Jar"/></div><div class="z-2 absolute bottom--1"><div class="relative dib" data-id="10315439"><button class="w_hhLG w_8nsR w_jDfj pointer bn sans-serif b ph2 flex items-center justify-center w-auto shadow-1" type="button" data-pcss-hide="true" data-automation-id="add-to-cart" aria-label="Add to cart - Great Value Stuffed Manzanilla Olives with Minced Pimento, 10 oz Jar"><i class="ld ld-Plus" style="font-size:1.5rem;vertical-align:-0.25em;width:1.5rem;height:1.5rem;box-sizing:content-box" title="add to cart"></i><span class="mr2">Add</span></button></div></div></div><div class="mt5 mb0" style="height:24px" data-testid="variant-10315439"></div><div data-automation-id="product-price" class="flex flex-wrap justify-start items-center lh-title mb1-m"><div class="mr1 mr2-xl b black lh-copy f5 f4-l" aria-hidden="true">$2.52</div><span class="w_iUH7">current price $2.52</span><div class="gray mr1 f7 f6-l">25.2 ¢/oz</div></div><span class=""><span class="w_V_DM" style="-webkit-line-clamp:3;padding-bottom:0em;margin-bottom:-0em"><span data-automation-id="product-title" class="normal dark-gray mb0 mt1 lh-title f6 f5-l">Great Value Stuffed Manzanilla Olives with Minced Pimento, 10 oz Jar</span></span></span><div class="flex items-center mt2"><span class="black inline-flex mr1" data-testid="product-ratings" data-value="4.3"><i class="ld ld-StarFill" style="font-size:12px;vertical-align:-0.175em;width:12px;height:12px;box-sizing:content-box" aria-hidden="true"></i><i class="ld ld-StarFill" style="font-size:12px;vertical-align:-0.175em;width:12px;height:12px;box-sizing:content-box" aria-hidden="true"></i><i class="ld ld-StarFill" style="font-size:12px;vertical-align:-0.175em;width:12px;height:12px;box-sizing:content-box" aria-hidden="true"></i><i class="ld ld-StarFill" style="font-size:12px;vertical-align:-0.175em;width:12px;height:12px;box-sizing:content-box" aria-hidden="true"></i><i class="ld ld-StarHalf" style="font-size:12px;vertical-align:-0.175em;width:12px;height:12px;box-sizing:content-box" aria-hidden="true"></i></span><span class="sans-serif gray f7" aria-hidden="true" data-testid="product-reviews" data-value="234">234</span><span class="w_iUH7">4.3 out of 5 Stars. 234 reviews</span></div><div></div><div class="mb2 mt2"><span class="w_iUH7">Available for Pickup or Delivery</span><span class="w_VbBP w_mFV6 w_I_19 w_3oNC w_AAn7 mr1 mt1 ph1" aria-hidden="true">Pickup</span><span class="w_VbBP w_mFV6 w_I_19 w_3oNC w_AAn7 mr1 mt1 ph1" aria-hidden="true">Delivery</span></div></div></li><li class="flex flex-column items-center pa1 pr2 pb2" data-slide="3"><div role="group" data-item-id="44390996" class="sans-serif mid-gray relative flex flex-column w-100 h-100 hide-child-opacity" data-testid="product-tile-3" aria-label="Product"><a link-identifier="44390996" class="absolute w-100 h-100 z-1 hide-sibling-opacity" target="" href="/ip/Fresh-Long-English-Cucumber-Each/44390996?athcpid=44390996&amp;athpgid=AthenaContentPage_4740967&amp;athcgid=null&amp;athznid=ItemCarousel_609cfcd5-94e8-49e0-a1a5-9da154517b3d_items&amp;athieid=v0&amp;athstid=CS020&amp;athguid=s-SwGJlwQKwJx4-cn3aD3PFfAgOp1Vtd9RFT&amp;athancid=null&amp;athena=true"><span class="w_iUH7"><h3>Fresh Long English Cucumber, Each</h3></span></a><div class="h2 relative mv2"></div><div class="relative"><div class="relative overflow-hidden" style="max-width:226px;height:0;padding-bottom:min(226px, 100%);align-self:center;width:min(226px, 100%)"><img loading="lazy" srcset="https://i5.walmartimages.com/asr/ab5b3a59-55ca-4e21-b071-d6410abcd75b.d4490acd083eb12bee46c4335a6dceb4.jpeg?odnHeight=226&amp;odnWidth=226&amp;odnBg=FFFFFF 1x, https://i5.walmartimages.com/asr/ab5b3a59-55ca-4e21-b071-d6410abcd75b.d4490acd083eb12bee46c4335a6dceb4.jpeg?odnHeight=576&amp;odnWidth=576&amp;odnBg=FFFFFF 2x" src="https://i5.walmartimages.com/asr/ab5b3a59-55ca-4e21-b071-d6410abcd75b.d4490acd083eb12bee46c4335a6dceb4.jpeg?odnHeight=576&amp;odnWidth=576&amp;odnBg=FFFFFF" width="" height="" class="absolute top-0 left-0" data-testid="productTileImage" alt="Fresh Long English Cucumber, Each"/></div><div class="z-2 absolute bottom--1"><div class="relative dib" data-id="44390996"><button class="w_hhLG w_8nsR w_jDfj pointer bn sans-serif b ph2 flex items-center justify-center w-auto shadow-1" type="button" data-pcss-hide="true" data-automation-id="add-to-cart" aria-label="Add to cart - Fresh Long English Cucumber, Each"><i class="ld ld-Plus" style="font-size:1.5rem;vertical-align:-0.25em;width:1.5rem;height:1.5rem;box-sizing:content-box" title="add to cart"></i><span class="mr2">Add</span></button></div></div></div><div class="mt5 mb0" style="height:24px" data-testid="variant-44390996"></div><div data-automation-id="product-price" class="flex flex-wrap justify-start items-center lh-title mb1-m"><div class="mr1 mr2-xl b black lh-copy f5 f4-l" aria-hidden="true">$0.98</div><span class="w_iUH7">current price $0.98</span></div><span class=""><span class="w_V_DM" style="-webkit-line-clamp:3;padding-bottom:0em;margin-bottom:-0em"><span data-automation-id="product-title" class="normal dark-gray mb0 mt1 lh-title f6 f5-l">Fresh Long English Cucumber, Each</span></span></span><div class="flex items-center mt2"><span class="black inline-flex mr1" data-testid="product-ratings" data-value="1.8"><i class="ld ld-StarFill" style="font-size:12px;vertical-align:-0.175em;width:12px;height:12px;box-sizing:content-box" aria-hidden="true"></i><i class="ld ld-StarFill" style="font-size:12px;vertical-align:-0.175em;width:12px;height:12px;box-sizing:content-box" aria-hidden="true"></i><i class="ld ld-Star" style="font-size:12px;vertical-align:-0.175em;width:12px;height:12px;box-sizing:content-box" aria-hidden="true"></i><i class="ld ld-Star" style="font-size:12px;vertical-align:-0.175em;width:12px;height:12px;box-sizing:content-box" aria-hidden="true"></i><i class="ld ld-Star" style="font-size:12px;vertical-align:-0.175em;width:12px;height:12px;box-sizing:content-box" aria-hidden="true"></i></span><span class="sans-serif gray f7" aria-hidden="true" data-testid="product-reviews" data-value="939">939</span><span class="w_iUH7">1.8 out of 5 Stars. 939 reviews</span></div><div></div><div class="mb2 mt2"><span class="w_iUH7">Available for Pickup or Delivery</span><span class="w_VbBP w_mFV6 w_I_19 w_3oNC w_AAn7 mr1 mt1 ph1" aria-hidden="true">Pickup</span><span class="w_VbBP w_mFV6 w_I_19 w_3oNC w_AAn7 mr1 mt1 ph1" aria-hidden="true">Delivery</span></div></div></li><li class="flex flex-column items-center pa1 pr2 pb2" data-slide="4"><div role="group" data-item-id="34217405" class="sans-serif mid-gray relative flex flex-column w-100 h-100 hide-child-opacity" data-testid="product-tile-4" aria-label="Product"><a link-identifier="34217405" class="absolute w-100 h-100 z-1 hide-sibling-opacity" target="" href="/ip/Mariani-Dried-Fruit-No-Sugar-Added-Mediterranean-Dried-Apricots-16oz-Bag/34217405?athcpid=34217405&amp;athpgid=AthenaContentPage_4740967&amp;athcgid=null&amp;athznid=ItemCarousel_609cfcd5-94e8-49e0-a1a5-9da154517b3d_items&amp;athieid=v0&amp;athstid=CS020&amp;athguid=s-SwGJlwQKwJx4-cn3aD3PFfAgOp1Vtd9RFT&amp;athancid=null&amp;athena=true"><span class="w_iUH7"><h3>Mariani Dried Fruit, No Sugar Added, Mediterranean Dried Apricots, 16oz Bag</h3></span></a><div class="h2 relative mv2"></div><div class="relative"><div class="relative overflow-hidden" style="max-width:226px;height:0;padding-bottom:min(226px, 100%);align-self:center;width:min(226px, 100%)"><img loading="lazy" srcset="https://i5.walmartimages.com/asr/c0d5380b-4aed-45e7-8af9-3de01070becb.9923f32237ed54b005d4da6164a530e4.jpeg?odnHeight=226&amp;odnWidth=226&amp;odnBg=FFFFFF 1x, https://i5.walmartimages.com/asr/c0d5380b-4aed-45e7-8af9-3de01070becb.9923f32237ed54b005d4da6164a530e4.jpeg?odnHeight=576&amp;odnWidth=576&amp;odnBg=FFFFFF 2x" src="https://i5.walmartimages.com/asr/c0d5380b-4aed-45e7-8af9-3de01070becb.9923f32237ed54b005d4da6164a530e4.jpeg?odnHeight=576&amp;odnWidth=576&amp;odnBg=FFFFFF" width="" height="" class="absolute top-0 left-0" data-testid="productTileImage" alt="Mariani Dried Fruit, No Sugar Added, Mediterranean Dried Apricots, 16oz Bag"/></div><div class="z-2 absolute bottom--1"><div class="relative dib" data-id="34217405"><button class="w_hhLG w_8nsR w_jDfj pointer bn sans-serif b ph2 flex items-center justify-center w-auto shadow-1" type="button" data-pcss-hide="true" data-automation-id="add-to-cart" aria-label="Add to cart - Mariani Dried Fruit, No Sugar Added, Mediterranean Dried Apricots, 16oz Bag"><i class="ld ld-Plus" style="font-size:1.5rem;vertical-align:-0.25em;width:1.5rem;height:1.5rem;box-sizing:content-box" title="add to cart"></i><span class="mr2">Add</span></button></div></div></div><div class="mt5 mb0" style="height:24px" data-testid="variant-34217405"></div><div data-automation-id="product-price" class="flex flex-wrap justify-start items-center lh-title mb1-m"><div class="mr1 mr2-xl b black lh-copy f5 f4-l" aria-hidden="true">$19.20</div><span class="w_iUH7">current price $19.20</span><div class="gray mr1 f7 f6-l">$1.20/oz</div></div><span class=""><span class="w_V_DM" style="-webkit-line-clamp:3;padding-bottom:0em;margin-bottom:-0em"><span data-automation-id="product-title" class="normal dark-gray mb0 mt1 lh-title f6 f5-l">Mariani Dried Fruit, No Sugar Added, Mediterranean Dried Apricots, 16oz Bag</span></span></span><div class="flex items-center mt2"><span class="black inline-flex mr1" data-testid="product-ratings" data-value="4.7"><i class="ld ld-StarFill" style="font-size:12px;vertical-align:-0.175em;width:12px;height:12px;box-sizing:content-box" aria-hidden="true"></i><i class="ld ld-StarFill" style="font-size:12px;vertical-align:-0.175em;width:12px;height:12px;box-sizing:content-box" aria-hidden="true"></i><i class="ld ld-StarFill" style="font-size:12px;vertical-align:-0.175em;width:12px;height:12px;box-sizing:content-box" aria-hidden="true"></i><i class="ld ld-StarFill" style="font-size:12px;vertical-align:-0.175em;width:12px;height:12px;box-sizing:content-box" aria-hidden="true"></i><i class="ld ld-StarHalf" style="font-size:12px;vertical-align:-0.175em;width:12px;height:12px;box-sizing:content-box" aria-hidden="true"></i></span><span class="sans-serif gray f7" aria-hidden="true" data-testid="product-reviews" data-value="327">327</span><span class="w_iUH7">4.7 out of 5 Stars. 327 reviews</span></div><div></div><div class="mb2 mt2"><span class="w_iUH7">Available for 3+ day shipping</span><span class="w_VbBP w_mFV6 w_I_19 w_3oNC w_AAn7 mr1 mt1 ph1" aria-hidden="true">3+ day shipping</span></div></div></li><li class="flex flex-column items-center pa1 pr2 pb2" data-slide="5"><div role="group" data-item-id="17179143" class="sans-serif mid-gray relative flex flex-column w-100 h-100 hide-child-opacity" data-testid="product-tile-5" aria-label="Product"><a link-identifier="17179143" class="absolute w-100 h-100 z-1 hide-sibling-opacity" target="" href="/ip/Great-Value-Sweetened-Dried-Mango-Philippine-Grown-6-OZ/17179143?athcpid=17179143&amp;athpgid=AthenaContentPage_4740967&amp;athcgid=null&amp;athznid=ItemCarousel_609cfcd5-94e8-49e0-a1a5-9da154517b3d_items&amp;athieid=v0&amp;athstid=CS020&amp;athguid=s-SwGJlwQKwJx4-cn3aD3PFfAgOp1Vtd9RFT&amp;athancid=null&amp;athena=true&amp;athbdg=L1600"><span class="w_iUH7"><h3>Great Value Sweetened Dried Mango, Philippine Grown, 6 OZ</h3></span></a><div class="h2 relative mv2"><span class="w_VbBP w_mFV6 w_awtt w_3oNC w_3H8O tag-leading-badge absolute">Best seller</span></div><div class="relative"><div class="relative overflow-hidden" style="max-width:226px;height:0;padding-bottom:min(226px, 100%);align-self:center;width:min(226px, 100%)"><img loading="lazy" srcset="https://i5.walmartimages.com/seo/Great-Value-Sweetened-Dried-Mango-Philippine-Grown-6-OZ_a03c5270-208c-4bb8-ad87-5ed90c602060.a5b8ed1d38d89a9f06a54f0974521a97.jpeg?odnHeight=226&amp;odnWidth=226&amp;odnBg=FFFFFF 1x, https://i5.walmartimages.com/seo/Great-Value-Sweetened-Dried-Mango-Philippine-Grown-6-OZ_a03c5270-208c-4bb8-ad87-5ed90c602060.a5b8ed1d38d89a9f06a54f0974521a97.jpeg?odnHeight=576&amp;odnWidth=576&amp;odnBg=FFFFFF 2x" src="https://i5.walmartimages.com/seo/Great-Value-Sweetened-Dried-Mango-Philippine-Grown-6-OZ_a03c5270-208c-4bb8-ad87-5ed90c602060.a5b8ed1d38d89a9f06a54f0974521a97.jpeg?odnHeight=576&amp;odnWidth=576&amp;odnBg=FFFFFF" width="" height="" class="absolute top-0 left-0" data-testid="productTileImage" alt="Great Value Sweetened Dried Mango, Philippine Grown, 6 OZ"/></div><div class="z-2 absolute bottom--1 w-60"><div class="relative dib" data-id="17179143"><a class="w_hhLG w_8nsR w_jDfj pointer bn sans-serif b ph2 flex items-center justify-center w-auto shadow-1" href="/ip/Great-Value-Sweetened-Dried-Mango-Philippine-Grown-6-OZ/17179143?athcpid=17179143&amp;athpgid=AthenaContentPage_4740967&amp;athcgid=null&amp;athznid=ItemCarousel_609cfcd5-94e8-49e0-a1a5-9da154517b3d_items&amp;athieid=v0&amp;athstid=CS020&amp;athguid=s-SwGJlwQKwJx4-cn3aD3PFfAgOp1Vtd9RFT&amp;athancid=null&amp;athena=true&amp;athbdg=L1600" data-pcss-hide="true" aria-label="Options - Great Value Sweetened Dried Mango, Philippine Grown, 6 OZ"><span class="mh2">Options</span></a></div></div></div><div class="mt5 mb0" style="height:24px" data-testid="variant-17179143"></div><div data-automation-id="product-price" class="flex flex-wrap justify-start items-center lh-title mb0"><div class="mr1 mr2-xl b black lh-copy f5 f4-l" aria-hidden="true">$4.54</div><span class="w_iUH7">current price $4.54</span></div><div class="f7 f6-l mb2 mb3-l black">Options from $4.54 – $18.16</div><span class=""><span class="w_V_DM" style="-webkit-line-clamp:3;padding-bottom:0em;margin-bottom:-0em"><span data-automation-id="product-title" class="normal dark-gray mb0 mt1 lh-title f6 f5-l">Great Value Sweetened Dried Mango, Philippine Grown, 6 OZ</span></span></span><div class="flex items-center mt2"><span class="black inline-flex mr1" data-testid="product-ratings" data-value="4.5"><i class="ld ld-StarFill" style="font-size:12px;vertical-align:-0.175em;width:12px;height:12px;box-sizing:content-box" aria-hidden="true"></i><i class="ld ld-StarFill" style="font-size:12px;vertical-align:-0.175em;width:12px;height:12px;box-sizing:content-box" aria-hidden="true"></i><i class="ld ld-StarFill" style="font-size:12px;vertical-align:-0.175em;width:12px;height:12px;box-sizing:content-box" aria-hidden="true"></i><i class="ld ld-StarFill" style="font-size:12px;vertical-align:-0.175em;width:12px;height:12px;box-sizing:content-box" aria-hidden="true"></i><i class="ld ld-StarHalf" style="font-size:12px;vertical-align:-0.175em;width:12px;height:12px;box-sizing:content-box" aria-hidden="true"></i></span><span class="sans-serif gray f7" aria-hidden="true" data-testid="product-reviews" data-value="429">429</span><span class="w_iUH7">4.5 out of 5 Stars. 429 reviews</span></div><div></div><div class="mb2 mt2"><span class="w_iUH7">Available for Pickup or Delivery</span><span class="w_VbBP w_mFV6 w_I_19 w_3oNC w_AAn7 mr1 mt1 ph1" aria-hidden="true">Pickup</span><span class="w_VbBP w_mFV6 w_I_19 w_3oNC w_AAn7 mr1 mt1 ph1" aria-hidden="true">Delivery</span></div></div></li><li class="flex flex-column items-center pa1 pr2 pb2" data-slide="6"><div role="group" data-item-id="11025598" class="sans-serif mid-gray relative flex flex-column w-100 h-100 hide-child-opacity" data-testid="product-tile-6" aria-label="Product"><a link-identifier="11025598" class="absolute w-100 h-100 z-1 hide-sibling-opacity" target="" href="/ip/Fresh-Clementines-3-lb-Bag/11025598?athcpid=11025598&amp;athpgid=AthenaContentPage_4740967&amp;athcgid=null&amp;athznid=ItemCarousel_609cfcd5-94e8-49e0-a1a5-9da154517b3d_items&amp;athieid=v0&amp;athstid=CS020&amp;athguid=s-SwGJlwQKwJx4-cn3aD3PFfAgOp1Vtd9RFT&amp;athancid=null&amp;athena=true&amp;athbdg=L1600"><span class="w_iUH7"><h3>Fresh Clementines, 3 lb Bag</h3></span></a><div class="h2 relative mv2"><span class="w_VbBP w_mFV6 w_awtt w_3oNC w_3H8O tag-leading-badge absolute">Best seller</span></div><div class="relative"><div class="relative overflow-hidden" style="max-width:226px;height:0;padding-bottom:min(226px, 100%);align-self:center;width:min(226px, 100%)"><img loading="lazy" srcset="https://i5.walmartimages.com/asr/5239bd74-c85d-4d08-b8da-c3bc7ef938c8.52a18c9d52147dd9c6402004a243dddd.jpeg?odnHeight=226&amp;odnWidth=226&amp;odnBg=FFFFFF 1x, https://i5.walmartimages.com/asr/5239bd74-c85d-4d08-b8da-c3bc7ef938c8.52a18c9d52147dd9c6402004a243dddd.jpeg?odnHeight=576&amp;odnWidth=576&amp;odnBg=FFFFFF 2x" src="https://i5.walmartimages.com/asr/5239bd74-c85d-4d08-b8da-c3bc7ef938c8.52a18c9d52147dd9c6402004a243dddd.jpeg?odnHeight=576&amp;odnWidth=576&amp;odnBg=FFFFFF" width="" height="" class="absolute top-0 left-0" data-testid="productTileImage" alt="Fresh Clementines, 3 lb Bag"/></div><div class="z-2 absolute bottom--1"><div class="relative dib" data-id="11025598"><button class="w_hhLG w_8nsR w_jDfj pointer bn sans-serif b ph2 flex items-center justify-center w-auto shadow-1" type="button" data-pcss-hide="true" data-automation-id="add-to-cart" aria-label="Add to cart - Fresh Clementines, 3 lb Bag"><i class="ld ld-Plus" style="font-size:1.5rem;vertical-align:-0.25em;width:1.5rem;height:1.5rem;box-sizing:content-box" title="add to cart"></i><span class="mr2">Add</span></button></div></div></div><div class="mt5 mb0" style="height:24px" data-testid="variant-11025598"></div><div data-automation-id="product-price" class="flex flex-wrap justify-start items-center lh-title mb1-m"><div class="mr1 mr2-xl b black lh-copy f5 f4-l" aria-hidden="true">$3.97</div><span class="w_iUH7">current price $3.97</span><div class="gray mr1 f7 f6-l">$1.32/lb</div></div><span class=""><span class="w_V_DM" style="-webkit-line-clamp:3;padding-bottom:0em;margin-bottom:-0em"><span data-automation-id="product-title" class="normal dark-gray mb0 mt1 lh-title f6 f5-l">Fresh Clementines, 3 lb Bag</span></span></span><div class="flex items-center mt2"><span class="black inline-flex mr1" data-testid="product-ratings" data-value="1.6"><i class="ld ld-StarFill" style="font-size:12px;vertical-align:-0.175em;width:12px;height:12px;box-sizing:content-box" aria-hidden="true"></i><i class="ld ld-StarHalf" style="font-size:12px;vertical-align:-0.175em;width:12px;height:12px;box-sizing:content-box" aria-hidden="true"></i><i class="ld ld-Star" style="font-size:12px;vertical-align:-0.175em;width:12px;height:12px;box-sizing:content-box" aria-hidden="true"></i><i class="ld ld-Star" style="font-size:12px;vertical-align:-0.175em;width:12px;height:12px;box-sizing:content-box" aria-hidden="true"></i><i class="ld ld-Star" style="font-size:12px;vertical-align:-0.175em;width:12px;height:12px;box-sizing:content-box" aria-hidden="true"></i></span><span class="sans-serif gray f7" aria-hidden="true" data-testid="product-reviews" data-value="2307">2307</span><span class="w_iUH7">1.6 out of 5 Stars. 2307 reviews</span></div><div></div><div class="mb2 mt2"><span class="w_iUH7">Available for Pickup or Delivery</span><span class="w_VbBP w_mFV6 w_I_19 w_3oNC w_AAn7 mr1 mt1 ph1" aria-hidden="true">Pickup</span><span class="w_VbBP w_mFV6 w_I_19 w_3oNC w_AAn7 mr1 mt1 ph1" aria-hidden="true">Delivery</span></div></div></li><li class="flex flex-column items-center pa1 pr2 pb2" data-slide="7"><div role="group" data-item-id="51259411" class="sans-serif mid-gray relative flex flex-column w-100 h-100 hide-child-opacity" data-testid="product-tile-7" aria-label="Product"><a link-identifier="51259411" class="absolute w-100 h-100 z-1 hide-sibling-opacity" target="" href="/ip/Fresh-Celery-Stalk-Each/51259411?athcpid=51259411&amp;athpgid=AthenaContentPage_4740967&amp;athcgid=null&amp;athznid=ItemCarousel_609cfcd5-94e8-49e0-a1a5-9da154517b3d_items&amp;athieid=v0&amp;athstid=CS020&amp;athguid=s-SwGJlwQKwJx4-cn3aD3PFfAgOp1Vtd9RFT&amp;athancid=null&amp;athena=true&amp;athbdg=L1600"><span class="w_iUH7"><h3>Fresh Celery Stalk, Each</h3></span></a><div class="h2 relative mv2"><span class="w_VbBP w_mFV6 w_awtt w_3oNC w_3H8O tag-leading-badge absolute">Best seller</span></div><div class="relative"><div class="relative overflow-hidden" style="max-width:226px;height:0;padding-bottom:min(226px, 100%);align-self:center;width:min(226px, 100%)"><img loading="lazy" srcset="https://i5.walmartimages.com/asr/b9f848d3-13f1-43d3-99db-33e17abb9c1c_1.987f0112fa028282b940a6502fc0db18.jpeg?odnHeight=226&amp;odnWidth=226&amp;odnBg=FFFFFF 1x, https://i5.walmartimages.com/asr/b9f848d3-13f1-43d3-99db-33e17abb9c1c_1.987f0112fa028282b940a6502fc0db18.jpeg?odnHeight=576&amp;odnWidth=576&amp;odnBg=FFFFFF 2x" src="https://i5.walmartimages.com/asr/b9f848d3-13f1-43d3-99db-33e17abb9c1c_1.987f0112fa028282b940a6502fc0db18.jpeg?odnHeight=576&amp;odnWidth=576&amp;odnBg=FFFFFF" width="" height="" class="absolute top-0 left-0" data-testid="productTileImage" alt="Fresh Celery Stalk, Each"/></div><div class="z-2 absolute bottom--1"><div class="relative dib" data-id="51259411"><button class="w_hhLG w_8nsR w_jDfj pointer bn sans-serif b ph2 flex items-center justify-center w-auto shadow-1" type="button" data-pcss-hide="true" data-automation-id="add-to-cart" aria-label="Add to cart - Fresh Celery Stalk, Each"><i class="ld ld-Plus" style="font-size:1.5rem;vertical-align:-0.25em;width:1.5rem;height:1.5rem;box-sizing:content-box" title="add to cart"></i><span class="mr2">Add</span></button></div></div></div><div class="mt5 mb0" style="height:24px" data-testid="variant-51259411"></div><div data-automation-id="product-price" class="flex flex-wrap justify-start items-center lh-title mb1-m"><div class="mr1 mr2-xl b black green lh-copy f5 f4-l" aria-hidden="true">Now $0.98</div><span class="w_iUH7">current price Now $0.98</span><div class="gray mr1 strike f7 f6-l" aria-hidden="true">$2.08</div><span class="w_iUH7">Was $2.08</span></div><span class=""><span class="w_V_DM" style="-webkit-line-clamp:3;padding-bottom:0em;margin-bottom:-0em"><span data-automation-id="product-title" class="normal dark-gray mb0 mt1 lh-title f6 f5-l">Fresh Celery Stalk, Each</span></span></span><div class="flex items-center mt2"><span class="black inline-flex mr1" data-testid="product-ratings" data-value="1.8"><i class="ld ld-StarFill" style="font-size:12px;vertical-align:-0.175em;width:12px;height:12px;box-sizing:content-box" aria-hidden="true"></i><i class="ld ld-StarFill" style="font-size:12px;vertical-align:-0.175em;width:12px;height:12px;box-sizing:content-box" aria-hidden="true"></i><i class="ld ld-Star" style="font-size:12px;vertical-align:-0.175em;width:12px;height:12px;box-sizing:content-box" aria-hidden="true"></i><i class="ld ld-Star" style="font-size:12px;vertical-align:-0.175em;width:12px;height:12px;box-sizing:content-box" aria-hidden="true"></i><i class="ld ld-Star" style="font-size:12px;vertical-align:-0.175em;width:12px;height:12px;box-sizing:content-box" aria-hidden="true"></i></span><span class="sans-serif gray f7" aria-hidden="true" data-testid="product-reviews" data-value="2247">2247</span><span class="w_iUH7">1.8 out of 5 Stars. 2247 reviews</span></div><div></div><div class="mb2 mt2"><span class="w_iUH7">Available for Pickup or Delivery</span><span class="w_VbBP w_mFV6 w_I_19 w_3oNC w_AAn7 mr1 mt1 ph1" aria-hidden="true">Pickup</span><span class="w_VbBP w_mFV6 w_I_19 w_3oNC w_AAn7 mr1 mt1 ph1" aria-hidden="true">Delivery</span></div></div></li><li class="flex flex-column items-center pa1 pr2 pb2" data-slide="8"><div role="group" data-item-id="47314798" class="sans-serif mid-gray relative flex flex-column w-100 h-100 hide-child-opacity" data-testid="product-tile-8" aria-label="Product"><a link-identifier="47314798" class="absolute w-100 h-100 z-1 hide-sibling-opacity" target="" href="/ip/Fresh-Blackberries-6-oz-Container/47314798?athcpid=47314798&amp;athpgid=AthenaContentPage_4740967&amp;athcgid=null&amp;athznid=ItemCarousel_609cfcd5-94e8-49e0-a1a5-9da154517b3d_items&amp;athieid=v0&amp;athstid=CS020&amp;athguid=s-SwGJlwQKwJx4-cn3aD3PFfAgOp1Vtd9RFT&amp;athancid=null&amp;athena=true"><span class="w_iUH7"><h3>Fresh Blackberries, 6 oz Container</h3></span></a><div class="h2 relative mv2"></div><div class="relative"><div class="relative overflow-hidden" style="max-width:226px;height:0;padding-bottom:min(226px, 100%);align-self:center;width:min(226px, 100%)"><img loading="lazy" srcset="https://i5.walmartimages.com/asr/cb53bc27-f467-4569-a6aa-f37a398f1d05_1.de0ff806baa995d2c33fa3f2cf893f7e.jpeg?odnHeight=226&amp;odnWidth=226&amp;odnBg=FFFFFF 1x, https://i5.walmartimages.com/asr/cb53bc27-f467-4569-a6aa-f37a398f1d05_1.de0ff806baa995d2c33fa3f2cf893f7e.jpeg?odnHeight=576&amp;odnWidth=576&amp;odnBg=FFFFFF 2x" src="https://i5.walmartimages.com/asr/cb53bc27-f467-4569-a6aa-f37a398f1d05_1.de0ff806baa995d2c33fa3f2cf893f7e.jpeg?odnHeight=576&amp;odnWidth=576&amp;odnBg=FFFFFF" width="" height="" class="absolute top-0 left-0" data-testid="productTileImage" alt="Fresh Blackberries, 6 oz Container"/></div><div class="z-2 absolute bottom--1"><div class="relative dib" data-id="47314798"><button class="w_hhLG w_8nsR w_jDfj pointer bn sans-serif b ph2 flex items-center justify-center w-auto shadow-1" type="button" data-pcss-hide="true" data-automation-id="add-to-cart" aria-label="Add to cart - Fresh Blackberries, 6 oz Container"><i class="ld ld-Plus" style="font-size:1.5rem;vertical-align:-0.25em;width:1.5rem;height:1.5rem;box-sizing:content-box" title="add to cart"></i><span class="mr2">Add</span></button></div></div></div><div class="mt5 mb0" style="height:24px" data-testid="variant-47314798"></div><div data-automation-id="product-price" class="flex flex-wrap justify-start items-center lh-title mb1-m"><div class="mr1 mr2-xl b black lh-copy f5 f4-l" aria-hidden="true">$2.57</div><span class="w_iUH7">current price $2.57</span><div class="gray mr1 f7 f6-l">42.8 ¢/oz</div></div><span class=""><span class="w_V_DM" style="-webkit-line-clamp:3;padding-bottom:0em;margin-bottom:-0em"><span data-automation-id="product-title" class="normal dark-gray mb0 mt1 lh-title f6 f5-l">Fresh Blackberries, 6 oz Container</span></span></span><div class="flex items-center mt2"><span class="black inline-flex mr1" data-testid="product-ratings" data-value="2.2"><i class="ld ld-StarFill" style="font-size:12px;vertical-align:-0.175em;width:12px;height:12px;box-sizing:content-box" aria-hidden="true"></i><i class="ld ld-StarFill" style="font-size:12px;vertical-align:-0.175em;width:12px;height:12px;box-sizing:content-box" aria-hidden="true"></i><i class="ld ld-Star" style="font-size:12px;vertical-align:-0.175em;width:12px;height:12px;box-sizing:content-box" aria-hidden="true"></i><i class="ld ld-Star" style="font-size:12px;vertical-align:-0.175em;width:12px;height:12px;box-sizing:content-box" aria-hidden="true"></i><i class="ld ld-Star" style="font-size:12px;vertical-align:-0.175em;width:12px;height:12px;box-sizing:content-box" aria-hidden="true"></i></span><span class="sans-serif gray f7" aria-hidden="true" data-testid="product-reviews" data-value="1384">1384</span><span class="w_iUH7">2.2 out of 5 Stars. 1384 reviews</span></div><div></div><div class="mb2 mt2"><span class="w_iUH7">Available for Pickup or Delivery</span><span class="w_VbBP w_mFV6 w_I_19 w_3oNC w_AAn7 mr1 mt1 ph1" aria-hidden="true">Pickup</span><span class="w_VbBP w_mFV6 w_I_19 w_3oNC w_AAn7 mr1 mt1 ph1" aria-hidden="true">Delivery</span></div></div></li><li class="flex flex-column items-center pa1 pr2 pb2" data-slide="9"><div role="group" data-item-id="157250373" class="sans-serif mid-gray relative flex flex-column w-100 h-100 hide-child-opacity" data-testid="product-tile-9" aria-label="Product"><a link-identifier="157250373" class="absolute w-100 h-100 z-1 hide-sibling-opacity" target="" href="/ip/Freshness-Guaranteed-Pineapple-Chunks-16-oz/157250373?athcpid=157250373&amp;athpgid=AthenaContentPage_4740967&amp;athcgid=null&amp;athznid=ItemCarousel_609cfcd5-94e8-49e0-a1a5-9da154517b3d_items&amp;athieid=v0&amp;athstid=CS020&amp;athguid=s-SwGJlwQKwJx4-cn3aD3PFfAgOp1Vtd9RFT&amp;athancid=null&amp;athena=true&amp;athbdg=L1600"><span class="w_iUH7"><h3>Freshness Guaranteed Pineapple Chunks, 16 oz</h3></span></a><div class="h2 relative mv2"><span class="w_VbBP w_mFV6 w_awtt w_3oNC w_3H8O tag-leading-badge absolute">Best seller</span></div><div class="relative"><div class="relative overflow-hidden" style="max-width:226px;height:0;padding-bottom:min(226px, 100%);align-self:center;width:min(226px, 100%)"><img loading="lazy" srcset="https://i5.walmartimages.com/asr/a01cc0ea-2520-430f-9201-148c7d0dd070.97ae3ba9dbf8af398962667afff96bc2.jpeg?odnHeight=226&amp;odnWidth=226&amp;odnBg=FFFFFF 1x, https://i5.walmartimages.com/asr/a01cc0ea-2520-430f-9201-148c7d0dd070.97ae3ba9dbf8af398962667afff96bc2.jpeg?odnHeight=576&amp;odnWidth=576&amp;odnBg=FFFFFF 2x" src="https://i5.walmartimages.com/asr/a01cc0ea-2520-430f-9201-148c7d0dd070.97ae3ba9dbf8af398962667afff96bc2.jpeg?odnHeight=576&amp;odnWidth=576&amp;odnBg=FFFFFF" width="" height="" class="absolute top-0 left-0" data-testid="productTileImage" alt="Freshness Guaranteed Pineapple Chunks, 16 oz"/></div><div class="z-2 absolute bottom--1"><div class="relative dib" data-id="157250373"><button class="w_hhLG w_8nsR w_jDfj pointer bn sans-serif b ph2 flex items-center justify-center w-auto shadow-1" type="button" data-pcss-hide="true" data-automation-id="add-to-cart" aria-label="Add to cart - Freshness Guaranteed Pineapple Chunks, 16 oz"><i class="ld ld-Plus" style="font-size:1.5rem;vertical-align:-0.25em;width:1.5rem;height:1.5rem;box-sizing:content-box" title="add to cart"></i><span class="mr2">Add</span></button></div></div></div><div class="mt5 mb0" style="height:24px" data-testid="variant-157250373"></div><div data-automation-id="product-price" class="flex flex-wrap justify-start items-center lh-title mb1-m"><div class="mr1 mr2-xl b black lh-copy f5 f4-l" aria-hidden="true">$4.58</div><span class="w_iUH7">current price $4.58</span><div class="gray mr1 f7 f6-l">28.6 ¢/oz</div></div><span class=""><span class="w_V_DM" style="-webkit-line-clamp:3;padding-bottom:0em;margin-bottom:-0em"><span data-automation-id="product-title" class="normal dark-gray mb0 mt1 lh-title f6 f5-l">Freshness Guaranteed Pineapple Chunks, 16 oz</span></span></span><div class="flex items-center mt2"><span class="black inline-flex mr1" data-testid="product-ratings" data-value="1.9"><i class="ld ld-StarFill" style="font-size:12px;vertical-align:-0.175em;width:12px;height:12px;box-sizing:content-box" aria-hidden="true"></i><i class="ld ld-StarFill" style="font-size:12px;vertical-align:-0.175em;width:12px;height:12px;box-sizing:content-box" aria-hidden="true"></i><i class="ld ld-Star" style="font-size:12px;vertical-align:-0.175em;width:12px;height:12px;box-sizing:content-box" aria-hidden="true"></i><i class="ld ld-Star" style="font-size:12px;vertical-align:-0.175em;width:12px;height:12px;box-sizing:content-box" aria-hidden="true"></i><i class="ld ld-Star" style="font-size:12px;vertical-align:-0.175em;width:12px;height:12px;box-sizing:content-box" aria-hidden="true"></i></span><span class="sans-serif gray f7" aria-hidden="true" data-testid="product-reviews" data-value="509">509</span><span class="w_iUH7">1.9 out of 5 Stars. 509 reviews</span></div><div></div><div class="mb2 mt2"><span class="w_iUH7">Available for Pickup or Delivery</span><span class="w_VbBP w_mFV6 w_I_19 w_3oNC w_AAn7 mr1 mt1 ph1" aria-hidden="true">Pickup</span><span class="w_VbBP w_mFV6 w_I_19 w_3oNC w_AAn7 mr1 mt1 ph1" aria-hidden="true">Delivery</span></div></div></li><li class="flex flex-column items-center pa1 pr2 pb2" data-slide="10"><div role="group" data-item-id="44419690" class="sans-serif mid-gray relative flex flex-column w-100 h-100 hide-child-opacity" data-testid="product-tile-10" aria-label="Product"><a link-identifier="44419690" class="absolute w-100 h-100 z-1 hide-sibling-opacity" target="" href="/ip/Fresh-Mini-Cucumbers-16-oz/44419690?athcpid=44419690&amp;athpgid=AthenaContentPage_4740967&amp;athcgid=null&amp;athznid=ItemCarousel_609cfcd5-94e8-49e0-a1a5-9da154517b3d_items&amp;athieid=v0&amp;athstid=CS020&amp;athguid=s-SwGJlwQKwJx4-cn3aD3PFfAgOp1Vtd9RFT&amp;athancid=null&amp;athena=true"><span class="w_iUH7"><h3>Fresh Mini Cucumbers, 16 oz</h3></span></a><div class="h2 relative mv2"></div><div class="relative"><div class="relative overflow-hidden" style="max-width:226px;height:0;padding-bottom:min(226px, 100%);align-self:center;width:min(226px, 100%)"><img loading="lazy" srcset="https://i5.walmartimages.com/asr/8a0d2e11-b935-4d3c-bf2a-601150d463bd.67af8874c92a49e9634c8a205a0a7bb8.jpeg?odnHeight=226&amp;odnWidth=226&amp;odnBg=FFFFFF 1x, https://i5.walmartimages.com/asr/8a0d2e11-b935-4d3c-bf2a-601150d463bd.67af8874c92a49e9634c8a205a0a7bb8.jpeg?odnHeight=576&amp;odnWidth=576&amp;odnBg=FFFFFF 2x" src="https://i5.walmartimages.com/asr/8a0d2e11-b935-4d3c-bf2a-601150d463bd.67af8874c92a49e9634c8a205a0a7bb8.jpeg?odnHeight=576&amp;odnWidth=576&amp;odnBg=FFFFFF" width="" height="" class="absolute top-0 left-0" data-testid="productTileImage" alt="Fresh Mini Cucumbers, 16 oz"/></div><div class="z-2 absolute bottom--1"><div class="relative dib" data-id="44419690"><button class="w_hhLG w_8nsR w_jDfj pointer bn sans-serif b ph2 flex items-center justify-center w-auto shadow-1" type="button" data-pcss-hide="true" data-automation-id="add-to-cart" aria-label="Add to cart - Fresh Mini Cucumbers, 16 oz"><i class="ld ld-Plus" style="font-size:1.5rem;vertical-align:-0.25em;width:1.5rem;height:1.5rem;box-sizing:content-box" title="add to cart"></i><span class="mr2">Add</span></button></div></div></div><div class="mt5 mb0" style="height:24px" data-testid="variant-44419690"></div><div data-automation-id="product-price" class="flex flex-wrap justify-start items-center lh-title mb1-m"><div class="mr1 mr2-xl b black lh-copy f5 f4-l" aria-hidden="true">$1.97</div><span class="w_iUH7">current price $1.97</span><div class="gray mr1 f7 f6-l">12.3 ¢/oz</div></div><span class=""><span class="w_V_DM" style="-webkit-line-clamp:3;padding-bottom:0em;margin-bottom:-0em"><span data-automation-id="product-title" class="normal dark-gray mb0 mt1 lh-title f6 f5-l">Fresh Mini Cucumbers, 16 oz</span></span></span><div class="flex items-center mt2"><span class="black inline-flex mr1" data-testid="product-ratings" data-value="1.6"><i class="ld ld-StarFill" style="font-size:12px;vertical-align:-0.175em;width:12px;height:12px;box-sizing:content-box" aria-hidden="true"></i><i class="ld ld-StarHalf" style="font-size:12px;vertical-align:-0.175em;width:12px;height:12px;box-sizing:content-box" aria-hidden="true"></i><i class="ld ld-Star" style="font-size:12px;vertical-align:-0.175em;width:12px;height:12px;box-sizing:content-box" aria-hidden="true"></i><i class="ld ld-Star" style="font-size:12px;vertical-align:-0.175em;width:12px;height:12px;box-sizing:content-box" aria-hidden="true"></i><i class="ld ld-Star" style="font-size:12px;vertical-align:-0.175em;width:12px;height:12px;box-sizing:content-box" aria-hidden="true"></i></span><span class="sans-serif gray f7" aria-hidden="true" data-testid="product-reviews" data-value="1828">1828</span><span class="w_iUH7">1.6 out of 5 Stars. 1828 reviews</span></div><div></div><div class="mb2 mt2"><span class="w_iUH7">Available for Pickup or Delivery</span><span class="w_VbBP w_mFV6 w_I_19 w_3oNC w_AAn7 mr1 mt1 ph1" aria-hidden="true">Pickup</span><span class="w_VbBP w_mFV6 w_I_19 w_3oNC w_AAn7 mr1 mt1 ph1" aria-hidden="true">Delivery</span></div></div></li><li class="flex flex-column items-center pa1 pr2 pb2" data-slide="11"><div role="group" data-item-id="10324377" class="sans-serif mid-gray relative flex flex-column w-100 h-100 hide-child-opacity" data-testid="product-tile-11" aria-label="Product"><a link-identifier="10324377" class="absolute w-100 h-100 z-1 hide-sibling-opacity" target="" href="/ip/Fresh-Mini-Sweet-Peppers-16-Ounce-Bag/10324377?athcpid=10324377&amp;athpgid=AthenaContentPage_4740967&amp;athcgid=null&amp;athznid=ItemCarousel_609cfcd5-94e8-49e0-a1a5-9da154517b3d_items&amp;athieid=v0&amp;athstid=CS020&amp;athguid=s-SwGJlwQKwJx4-cn3aD3PFfAgOp1Vtd9RFT&amp;athancid=null&amp;athena=true&amp;athbdg=L1600"><span class="w_iUH7"><h3>Fresh Mini Sweet Peppers, 16 Ounce Bag</h3></span></a><div class="h2 relative mv2"><span class="w_VbBP w_mFV6 w_awtt w_3oNC w_3H8O tag-leading-badge absolute">Best seller</span></div><div class="relative"><div class="relative overflow-hidden" style="max-width:226px;height:0;padding-bottom:min(226px, 100%);align-self:center;width:min(226px, 100%)"><img loading="lazy" srcset="https://i5.walmartimages.com/asr/86b8822b-a781-4e5e-b439-032212359da1.cc303d7ac8053d380afa524d9e14373f.jpeg?odnHeight=226&amp;odnWidth=226&amp;odnBg=FFFFFF 1x, https://i5.walmartimages.com/asr/86b8822b-a781-4e5e-b439-032212359da1.cc303d7ac8053d380afa524d9e14373f.jpeg?odnHeight=576&amp;odnWidth=576&amp;odnBg=FFFFFF 2x" src="https://i5.walmartimages.com/asr/86b8822b-a781-4e5e-b439-032212359da1.cc303d7ac8053d380afa524d9e14373f.jpeg?odnHeight=576&amp;odnWidth=576&amp;odnBg=FFFFFF" width="" height="" class="absolute top-0 left-0" data-testid="productTileImage" alt="Fresh Mini Sweet Peppers, 16 Ounce Bag"/></div><div class="z-2 absolute bottom--1"><div class="relative dib" data-id="10324377"><button class="w_hhLG w_8nsR w_jDfj pointer bn sans-serif b ph2 flex items-center justify-center w-auto shadow-1" type="button" data-pcss-hide="true" data-automation-id="add-to-cart" aria-label="Add to cart - Fresh Mini Sweet Peppers, 16 Ounce Bag"><i class="ld ld-Plus" style="font-size:1.5rem;vertical-align:-0.25em;width:1.5rem;height:1.5rem;box-sizing:content-box" title="add to cart"></i><span class="mr2">Add</span></button></div></div></div><div class="mt5 mb0" style="height:24px" data-testid="variant-10324377"></div><div data-automation-id="product-price" class="flex flex-wrap justify-start items-center lh-title mb1-m"><div class="mr1 mr2-xl b black lh-copy f5 f4-l" aria-hidden="true">$3.24</div><span class="w_iUH7">current price $3.24</span><div class="gray mr1 f7 f6-l">20.3 ¢/oz</div></div><span class=""><span class="w_V_DM" style="-webkit-line-clamp:3;padding-bottom:0em;margin-bottom:-0em"><span data-automation-id="product-title" class="normal dark-gray mb0 mt1 lh-title f6 f5-l">Fresh Mini Sweet Peppers, 16 Ounce Bag</span></span></span><div class="flex items-center mt2"><span class="black inline-flex mr1" data-testid="product-ratings" data-value="2.6"><i class="ld ld-StarFill" style="font-size:12px;vertical-align:-0.175em;width:12px;height:12px;box-sizing:content-box" aria-hidden="true"></i><i class="ld ld-StarFill" style="font-size:12px;vertical-align:-0.175em;width:12px;height:12px;box-sizing:content-box" aria-hidden="true"></i><i class="ld ld-StarHalf" style="font-size:12px;vertical-align:-0.175em;width:12px;height:12px;box-sizing:content-box" aria-hidden="true"></i><i class="ld ld-Star" style="font-size:12px;vertical-align:-0.175em;width:12px;height:12px;box-sizing:content-box" aria-hidden="true"></i><i class="ld ld-Star" style="font-size:12px;vertical-align:-0.175em;width:12px;height:12px;box-sizing:content-box" aria-hidden="true"></i></span><span class="sans-serif gray f7" aria-hidden="true" data-testid="product-reviews" data-value="356">356</span><span class="w_iUH7">2.6 out of 5 Stars. 356 reviews</span></div><div></div><div class="mb2 mt2"><span class="w_iUH7">Available for Pickup or Delivery</span><span class="w_VbBP w_mFV6 w_I_19 w_3oNC w_AAn7 mr1 mt1 ph1" aria-hidden="true">Pickup</span><span class="w_VbBP w_mFV6 w_I_19 w_3oNC w_AAn7 mr1 mt1 ph1" aria-hidden="true">Delivery</span></div></div></li></ul><a link-identifier="horizontalScrollerNext" class="absolute dn z-5 bg-white br-100 pa0 pointer db-l br-100 nav-control right-1" aria-label="Next slide for Product Carousel list" data-testid="horizontal-scroller-next" role="button"><i class="ld ld-ChevronRight" style="font-size:1.5rem;vertical-align:-0.25em;padding:12px;width:1.5rem;height:1.5rem;box-sizing:content-box"></i></a></div></section></section></div> <div class="mv3 mv4-xl ml3 ml0-l bb b--near-white"><section><section><header class="flex justify-between mb3 mb2-m pr3 pr4-m pr0-xl items-baseline"><section style="flex:1"><div><div><div class="inline-flex "><h2 class="f4 f3-m lh-title ma0 ">Deli sliced meat &amp; cheese</h2></div></div></div></section><a link-identifier="Shop all" class="black f6" href="https://www.walmart.com/browse/deli-meat-cheese/deli-sliced-meat/976759_976789_5428795_2533789?povid=976759_itemcarousel_4740967_Delislicedmeatandcheese_Shopall_Rweb_Jun_14">Shop all</a></header><div class="flex flex-column justify-center relative" data-testid="horizontal-scroller-Product Carousel"><a link-identifier="horizontalScrollerPrevious" class="absolute dn z-5 bg-white br-100 pa0 pointer hidden-child br-100 nav-control left-1" aria-label="Previous slide for Product Carousel list" data-testid="horizontal-scroller-previous" role="button"><i class="ld ld-ChevronLeft" style="font-size:1.5rem;vertical-align:-0.25em;padding:12px;width:1.5rem;height:1.5rem;box-sizing:content-box"></i></a><ul style="display:grid;grid-auto-flow:column;scroll-snap-type:x mandatory;max-height:fit-content" class="list ma0 pl0 overflow-x-scroll hidesb hidesb-wk relative overflow-y-hidden carousel-peek-2 carousel-6-l carousel-3-m pr3-m" data-testid="carousel-container"><li class="flex flex-column items-center pa1 pr2 pb2" data-slide="0"><div role="group" data-item-id="14940796" class="sans-serif mid-gray relative flex flex-column w-100 h-100 hide-child-opacity" data-testid="product-tile-0" aria-label="Product"><a link-identifier="14940796" class="absolute w-100 h-100 z-1 hide-sibling-opacity" target="" href="/ip/Prima-Della-Hard-Salami-Deli-Sliced/14940796?athcpid=14940796&amp;athpgid=AthenaContentPage_4740967&amp;athcgid=null&amp;athznid=ItemCarousel_3da2d504-f1fb-4469-af21-4b6097aa0ad5_items&amp;athieid=v0&amp;athstid=CS020&amp;athguid=s-SwGJlwQKwJx4-cn3aD3PFfAgOp1Vtd9RFT&amp;athancid=null&amp;athena=true&amp;athbdg=L1600"><span class="w_iUH7"><h3>Prima Della Hard Salami, Deli Sliced</h3></span></a><div class="h2 relative mv2"><span class="w_VbBP w_mFV6 w_awtt w_3oNC w_3H8O tag-leading-badge absolute">Best seller</span></div><div class="relative"><div class="relative overflow-hidden" style="max-width:226px;height:0;padding-bottom:min(226px, 100%);align-self:center;width:min(226px, 100%)"><img loading="lazy" srcset="https://i5.walmartimages.com/asr/1a38e7dd-b632-4432-b270-00a6084e15d7.450c1c7e3d2a2b510e7e6d0aef23f7ff.jpeg?odnHeight=226&amp;odnWidth=226&amp;odnBg=FFFFFF 1x, https://i5.walmartimages.com/asr/1a38e7dd-b632-4432-b270-00a6084e15d7.450c1c7e3d2a2b510e7e6d0aef23f7ff.jpeg?odnHeight=576&amp;odnWidth=576&amp;odnBg=FFFFFF 2x" src="https://i5.walmartimages.com/asr/1a38e7dd-b632-4432-b270-00a6084e15d7.450c1c7e3d2a2b510e7e6d0aef23f7ff.jpeg?odnHeight=576&amp;odnWidth=576&amp;odnBg=FFFFFF" width="" height="" class="absolute top-0 left-0" data-testid="productTileImage" alt="Prima Della Hard Salami, Deli Sliced"/></div><div class="z-2 absolute bottom--1"><div class="relative dib" data-id="14940796"><button class="w_hhLG w_8nsR w_jDfj pointer bn sans-serif b ph2 flex items-center justify-center w-auto shadow-1" type="button" data-pcss-hide="true" data-automation-id="add-to-cart" aria-label="Add to cart - Prima Della Hard Salami, Deli Sliced"><i class="ld ld-Plus" style="font-size:1.5rem;vertical-align:-0.25em;width:1.5rem;height:1.5rem;box-sizing:content-box" title="add to cart"></i><span class="mr2">Add</span></button></div></div></div><div class="mt5 mb0" style="height:24px" data-testid="variant-14940796"></div><div data-automation-id="product-price" class="flex flex-wrap justify-start items-center lh-title mb1-m"><div class="mr1 mr2-xl b black lh-copy f5 f4-l" aria-hidden="true">$8.77</div><span class="w_iUH7">current price $8.77</span><div class="gray f7 f6-l"><span class="mr3">/ lb<!-- --> </span></div></div><span class=""><span class="w_V_DM" style="-webkit-line-clamp:3;padding-bottom:0em;margin-bottom:-0em"><span data-automation-id="product-title" class="normal dark-gray mb0 mt1 lh-title f6 f5-l">Prima Della Hard Salami, Deli Sliced</span></span></span><div></div><div class="mb2 mt2"><span class="w_iUH7">Available for Pickup or Delivery</span><span class="w_VbBP w_mFV6 w_I_19 w_3oNC w_AAn7 mr1 mt1 ph1" aria-hidden="true">Pickup</span><span class="w_VbBP w_mFV6 w_I_19 w_3oNC w_AAn7 mr1 mt1 ph1" aria-hidden="true">Delivery</span></div></div></li><li class="flex flex-column items-center pa1 pr2 pb2" data-slide="1"><div role="group" data-item-id="47934608" class="sans-serif mid-gray relative flex flex-column w-100 h-100 hide-child-opacity" data-testid="product-tile-1" aria-label="Product"><a link-identifier="47934608" class="absolute w-100 h-100 z-1 hide-sibling-opacity" target="" href="/ip/Prima-Della-Sandwich-Pepperoni-Deli-Sliced/47934608?athcpid=47934608&amp;athpgid=AthenaContentPage_4740967&amp;athcgid=null&amp;athznid=ItemCarousel_3da2d504-f1fb-4469-af21-4b6097aa0ad5_items&amp;athieid=v0&amp;athstid=CS020&amp;athguid=s-SwGJlwQKwJx4-cn3aD3PFfAgOp1Vtd9RFT&amp;athancid=null&amp;athena=true"><span class="w_iUH7"><h3>Prima Della Sandwich Pepperoni, Deli Sliced</h3></span></a><div class="h2 relative mv2"></div><div class="relative"><div class="relative overflow-hidden" style="max-width:226px;height:0;padding-bottom:min(226px, 100%);align-self:center;width:min(226px, 100%)"><img loading="lazy" srcset="https://i5.walmartimages.com/asr/3bdb1e89-e205-4f43-9927-aed5f0cc5c19.f5e3ac2d89c26b048b36745cbe32fdb4.jpeg?odnHeight=226&amp;odnWidth=226&amp;odnBg=FFFFFF 1x, https://i5.walmartimages.com/asr/3bdb1e89-e205-4f43-9927-aed5f0cc5c19.f5e3ac2d89c26b048b36745cbe32fdb4.jpeg?odnHeight=576&amp;odnWidth=576&amp;odnBg=FFFFFF 2x" src="https://i5.walmartimages.com/asr/3bdb1e89-e205-4f43-9927-aed5f0cc5c19.f5e3ac2d89c26b048b36745cbe32fdb4.jpeg?odnHeight=576&amp;odnWidth=576&amp;odnBg=FFFFFF" width="" height="" class="absolute top-0 left-0" data-testid="productTileImage" alt="Prima Della Sandwich Pepperoni, Deli Sliced"/></div><div class="z-2 absolute bottom--1"><div class="relative dib" data-id="47934608"><button class="w_hhLG w_8nsR w_jDfj pointer bn sans-serif b ph2 flex items-center justify-center w-auto shadow-1" type="button" data-pcss-hide="true" data-automation-id="add-to-cart" aria-label="Add to cart - Prima Della Sandwich Pepperoni, Deli Sliced"><i class="ld ld-Plus" style="font-size:1.5rem;vertical-align:-0.25em;width:1.5rem;height:1.5rem;box-sizing:content-box" title="add to cart"></i><span class="mr2">Add</span></button></div></div></div><div class="mt5 mb0" style="height:24px" data-testid="variant-47934608"></div><div data-automation-id="product-price" class="flex flex-wrap justify-start items-center lh-title mb1-m"><div class="mr1 mr2-xl b black lh-copy f5 f4-l" aria-hidden="true">$8.77</div><span class="w_iUH7">current price $8.77</span><div class="gray f7 f6-l"><span class="mr3">/ lb<!-- --> </span></div></div><span class=""><span class="w_V_DM" style="-webkit-line-clamp:3;padding-bottom:0em;margin-bottom:-0em"><span data-automation-id="product-title" class="normal dark-gray mb0 mt1 lh-title f6 f5-l">Prima Della Sandwich Pepperoni, Deli Sliced</span></span></span><div></div><div class="mb2 mt2"><span class="w_iUH7">Available for Pickup or Delivery</span><span class="w_VbBP w_mFV6 w_I_19 w_3oNC w_AAn7 mr1 mt1 ph1" aria-hidden="true">Pickup</span><span class="w_VbBP w_mFV6 w_I_19 w_3oNC w_AAn7 mr1 mt1 ph1" aria-hidden="true">Delivery</span></div></div></li><li class="flex flex-column items-center pa1 pr2 pb2" data-slide="2"><div role="group" data-item-id="11027967" class="sans-serif mid-gray relative flex flex-column w-100 h-100 hide-child-opacity" data-testid="product-tile-2" aria-label="Product"><a link-identifier="11027967" class="absolute w-100 h-100 z-1 hide-sibling-opacity" target="" href="/ip/Prima-Della-Provolone-Cheese-Deli-Sliced/11027967?athcpid=11027967&amp;athpgid=AthenaContentPage_4740967&amp;athcgid=null&amp;athznid=ItemCarousel_3da2d504-f1fb-4469-af21-4b6097aa0ad5_items&amp;athieid=v0&amp;athstid=CS020&amp;athguid=s-SwGJlwQKwJx4-cn3aD3PFfAgOp1Vtd9RFT&amp;athancid=null&amp;athena=true"><span class="w_iUH7"><h3>Prima Della Provolone Cheese, Deli Sliced</h3></span></a><div class="h2 relative mv2"></div><div class="relative"><div class="relative overflow-hidden" style="max-width:226px;height:0;padding-bottom:min(226px, 100%);align-self:center;width:min(226px, 100%)"><img loading="lazy" srcset="https://i5.walmartimages.com/asr/2b0f6e59-44e8-4eb3-99cb-43ab23a569a4.073a25b068d6d335a95a38591bc3b110.jpeg?odnHeight=226&amp;odnWidth=226&amp;odnBg=FFFFFF 1x, https://i5.walmartimages.com/asr/2b0f6e59-44e8-4eb3-99cb-43ab23a569a4.073a25b068d6d335a95a38591bc3b110.jpeg?odnHeight=576&amp;odnWidth=576&amp;odnBg=FFFFFF 2x" src="https://i5.walmartimages.com/asr/2b0f6e59-44e8-4eb3-99cb-43ab23a569a4.073a25b068d6d335a95a38591bc3b110.jpeg?odnHeight=576&amp;odnWidth=576&amp;odnBg=FFFFFF" width="" height="" class="absolute top-0 left-0" data-testid="productTileImage" alt="Prima Della Provolone Cheese, Deli Sliced"/></div><div class="z-2 absolute bottom--1"><div class="relative dib" data-id="11027967"><button class="w_hhLG w_8nsR w_jDfj pointer bn sans-serif b ph2 flex items-center justify-center w-auto shadow-1" type="button" data-pcss-hide="true" data-automation-id="add-to-cart" aria-label="Add to cart - Prima Della Provolone Cheese, Deli Sliced"><i class="ld ld-Plus" style="font-size:1.5rem;vertical-align:-0.25em;width:1.5rem;height:1.5rem;box-sizing:content-box" title="add to cart"></i><span class="mr2">Add</span></button></div></div></div><div class="mt5 mb0" style="height:24px" data-testid="variant-11027967"></div><div data-automation-id="product-price" class="flex flex-wrap justify-start items-center lh-title mb1-m"><div class="mr1 mr2-xl b black lh-copy f5 f4-l" aria-hidden="true">$7.62</div><span class="w_iUH7">current price $7.62</span><div class="gray f7 f6-l"><span class="mr3">/ lb<!-- --> </span></div></div><span class=""><span class="w_V_DM" style="-webkit-line-clamp:3;padding-bottom:0em;margin-bottom:-0em"><span data-automation-id="product-title" class="normal dark-gray mb0 mt1 lh-title f6 f5-l">Prima Della Provolone Cheese, Deli Sliced</span></span></span><div class="flex items-center mt2"><span class="black inline-flex mr1" data-testid="product-ratings" data-value="2.7"><i class="ld ld-StarFill" style="font-size:12px;vertical-align:-0.175em;width:12px;height:12px;box-sizing:content-box" aria-hidden="true"></i><i class="ld ld-StarFill" style="font-size:12px;vertical-align:-0.175em;width:12px;height:12px;box-sizing:content-box" aria-hidden="true"></i><i class="ld ld-StarHalf" style="font-size:12px;vertical-align:-0.175em;width:12px;height:12px;box-sizing:content-box" aria-hidden="true"></i><i class="ld ld-Star" style="font-size:12px;vertical-align:-0.175em;width:12px;height:12px;box-sizing:content-box" aria-hidden="true"></i><i class="ld ld-Star" style="font-size:12px;vertical-align:-0.175em;width:12px;height:12px;box-sizing:content-box" aria-hidden="true"></i></span><span class="sans-serif gray f7" aria-hidden="true" data-testid="product-reviews" data-value="78">78</span><span class="w_iUH7">2.7 out of 5 Stars. 78 reviews</span></div><div></div><div class="mb2 mt2"><span class="w_iUH7">Available for Pickup or Delivery</span><span class="w_VbBP w_mFV6 w_I_19 w_3oNC w_AAn7 mr1 mt1 ph1" aria-hidden="true">Pickup</span><span class="w_VbBP w_mFV6 w_I_19 w_3oNC w_AAn7 mr1 mt1 ph1" aria-hidden="true">Delivery</span></div></div></li><li class="flex flex-column items-center pa1 pr2 pb2" data-slide="3"><div role="group" data-item-id="115102436" class="sans-serif mid-gray relative flex flex-column w-100 h-100 hide-child-opacity" data-testid="product-tile-3" aria-label="Product"><a link-identifier="115102436" class="absolute w-100 h-100 z-1 hide-sibling-opacity" target="" href="/ip/Prima-Della-Swiss-Cheese-Loaf-Deli-Sliced/115102436?athcpid=115102436&amp;athpgid=AthenaContentPage_4740967&amp;athcgid=null&amp;athznid=ItemCarousel_3da2d504-f1fb-4469-af21-4b6097aa0ad5_items&amp;athieid=v0&amp;athstid=CS020&amp;athguid=s-SwGJlwQKwJx4-cn3aD3PFfAgOp1Vtd9RFT&amp;athancid=null&amp;athena=true"><span class="w_iUH7"><h3>Prima Della Swiss Cheese Loaf, Deli Sliced</h3></span></a><div class="h2 relative mv2"></div><div class="relative"><div class="relative overflow-hidden" style="max-width:226px;height:0;padding-bottom:min(226px, 100%);align-self:center;width:min(226px, 100%)"><img loading="lazy" srcset="https://i5.walmartimages.com/asr/c4b6a14e-8cbe-4b93-8732-bfac4729eff8.89076da135b5ee66cd0571972c4e32d9.jpeg?odnHeight=226&amp;odnWidth=226&amp;odnBg=FFFFFF 1x, https://i5.walmartimages.com/asr/c4b6a14e-8cbe-4b93-8732-bfac4729eff8.89076da135b5ee66cd0571972c4e32d9.jpeg?odnHeight=576&amp;odnWidth=576&amp;odnBg=FFFFFF 2x" src="https://i5.walmartimages.com/asr/c4b6a14e-8cbe-4b93-8732-bfac4729eff8.89076da135b5ee66cd0571972c4e32d9.jpeg?odnHeight=576&amp;odnWidth=576&amp;odnBg=FFFFFF" width="" height="" class="absolute top-0 left-0" data-testid="productTileImage" alt="Prima Della Swiss Cheese Loaf, Deli Sliced"/></div><div class="z-2 absolute bottom--1"><div class="relative dib" data-id="115102436"><button class="w_hhLG w_8nsR w_jDfj pointer bn sans-serif b ph2 flex items-center justify-center w-auto shadow-1" type="button" data-pcss-hide="true" data-automation-id="add-to-cart" aria-label="Add to cart - Prima Della Swiss Cheese Loaf, Deli Sliced"><i class="ld ld-Plus" style="font-size:1.5rem;vertical-align:-0.25em;width:1.5rem;height:1.5rem;box-sizing:content-box" title="add to cart"></i><span class="mr2">Add</span></button></div></div></div><div class="mt5 mb0" style="height:24px" data-testid="variant-115102436"></div><div data-automation-id="product-price" class="flex flex-wrap justify-start items-center lh-title mb1-m"><div class="mr1 mr2-xl b black lh-copy f5 f4-l" aria-hidden="true">$7.62</div><span class="w_iUH7">current price $7.62</span><div class="gray f7 f6-l"><span class="mr3">/ lb<!-- --> </span></div></div><span class=""><span class="w_V_DM" style="-webkit-line-clamp:3;padding-bottom:0em;margin-bottom:-0em"><span data-automation-id="product-title" class="normal dark-gray mb0 mt1 lh-title f6 f5-l">Prima Della Swiss Cheese Loaf, Deli Sliced</span></span></span><div class="flex items-center mt2"><span class="black inline-flex mr1" data-testid="product-ratings" data-value="2.8"><i class="ld ld-StarFill" style="font-size:12px;vertical-align:-0.175em;width:12px;height:12px;box-sizing:content-box" aria-hidden="true"></i><i class="ld ld-StarFill" style="font-size:12px;vertical-align:-0.175em;width:12px;height:12px;box-sizing:content-box" aria-hidden="true"></i><i class="ld ld-StarFill" style="font-size:12px;vertical-align:-0.175em;width:12px;height:12px;box-sizing:content-box" aria-hidden="true"></i><i class="ld ld-Star" style="font-size:12px;vertical-align:-0.175em;width:12px;height:12px;box-sizing:content-box" aria-hidden="true"></i><i class="ld ld-Star" style="font-size:12px;vertical-align:-0.175em;width:12px;height:12px;box-sizing:content-box" aria-hidden="true"></i></span><span class="sans-serif gray f7" aria-hidden="true" data-testid="product-reviews" data-value="80">80</span><span class="w_iUH7">2.8 out of 5 Stars. 80 reviews</span></div><div></div><div class="mb2 mt2"><span class="w_iUH7">Available for Pickup or Delivery</span><span class="w_VbBP w_mFV6 w_I_19 w_3oNC w_AAn7 mr1 mt1 ph1" aria-hidden="true">Pickup</span><span class="w_VbBP w_mFV6 w_I_19 w_3oNC w_AAn7 mr1 mt1 ph1" aria-hidden="true">Delivery</span></div></div></li><li class="flex flex-column items-center pa1 pr2 pb2" data-slide="4"><div role="group" data-item-id="109066789" class="sans-serif mid-gray relative flex flex-column w-100 h-100 hide-child-opacity" data-testid="product-tile-4" aria-label="Product"><a link-identifier="109066789" class="absolute w-100 h-100 z-1 hide-sibling-opacity" target="" href="/ip/Sara-Lee-Premium-Meats-Gluten-Free-Black-Forest-Ham-Deli-Sliced/109066789?athcpid=109066789&amp;athpgid=AthenaContentPage_4740967&amp;athcgid=null&amp;athznid=ItemCarousel_3da2d504-f1fb-4469-af21-4b6097aa0ad5_items&amp;athieid=v0&amp;athstid=CS020&amp;athguid=s-SwGJlwQKwJx4-cn3aD3PFfAgOp1Vtd9RFT&amp;athancid=null&amp;athena=true"><span class="w_iUH7"><h3>Sara Lee Premium Meats Gluten Free Black Forest Ham, Deli Sliced</h3></span></a><div class="h2 relative mv2"></div><div class="relative"><div class="relative overflow-hidden" style="max-width:226px;height:0;padding-bottom:min(226px, 100%);align-self:center;width:min(226px, 100%)"><img loading="lazy" srcset="https://i5.walmartimages.com/asr/697ee40b-5180-4328-b14f-d405dab47704.aa35580e0b08719d3181466ace80bcff.jpeg?odnHeight=226&amp;odnWidth=226&amp;odnBg=FFFFFF 1x, https://i5.walmartimages.com/asr/697ee40b-5180-4328-b14f-d405dab47704.aa35580e0b08719d3181466ace80bcff.jpeg?odnHeight=576&amp;odnWidth=576&amp;odnBg=FFFFFF 2x" src="https://i5.walmartimages.com/asr/697ee40b-5180-4328-b14f-d405dab47704.aa35580e0b08719d3181466ace80bcff.jpeg?odnHeight=576&amp;odnWidth=576&amp;odnBg=FFFFFF" width="" height="" class="absolute top-0 left-0" data-testid="productTileImage" alt="Sara Lee Premium Meats Gluten Free Black Forest Ham, Deli Sliced"/></div><div class="z-2 absolute bottom--1 w-60"><div class="relative dib" data-id="109066789"><a class="w_hhLG w_8nsR w_jDfj pointer bn sans-serif b ph2 flex items-center justify-center w-auto shadow-1" href="/ip/Sara-Lee-Premium-Meats-Gluten-Free-Black-Forest-Ham-Deli-Sliced/109066789?athcpid=109066789&amp;athpgid=AthenaContentPage_4740967&amp;athcgid=null&amp;athznid=ItemCarousel_3da2d504-f1fb-4469-af21-4b6097aa0ad5_items&amp;athieid=v0&amp;athstid=CS020&amp;athguid=s-SwGJlwQKwJx4-cn3aD3PFfAgOp1Vtd9RFT&amp;athancid=null&amp;athena=true" data-pcss-hide="true" aria-label="Options - Sara Lee Premium Meats Gluten Free Black Forest Ham, Deli Sliced"><span class="mh2">Options</span></a></div></div></div><div class="mt5 mb0" style="height:24px" data-testid="variant-109066789"></div><div data-automation-id="product-price" class="flex flex-wrap justify-start items-center lh-title mb1-m"><div class="mr1 mr2-xl b black lh-copy f5 f4-l" aria-hidden="true">$8.47</div><span class="w_iUH7">current price $8.47</span><div class="gray f7 f6-l"><span class="mr3">/ lb<!-- --> </span></div></div><span class=""><span class="w_V_DM" style="-webkit-line-clamp:3;padding-bottom:0em;margin-bottom:-0em"><span data-automation-id="product-title" class="normal dark-gray mb0 mt1 lh-title f6 f5-l">Sara Lee Premium Meats Gluten Free Black Forest Ham, Deli Sliced</span></span></span><div></div><div class="mb2 mt2"><span class="w_iUH7">Available for Pickup or Delivery</span><span class="w_VbBP w_mFV6 w_I_19 w_3oNC w_AAn7 mr1 mt1 ph1" aria-hidden="true">Pickup</span><span class="w_VbBP w_mFV6 w_I_19 w_3oNC w_AAn7 mr1 mt1 ph1" aria-hidden="true">Delivery</span></div></div></li><li class="flex flex-column items-center pa1 pr2 pb2" data-slide="5"><div role="group" data-item-id="961988622" class="sans-serif mid-gray relative flex flex-column w-100 h-100 hide-child-opacity" data-testid="product-tile-5" aria-label="Product"><a link-identifier="961988622" class="absolute w-100 h-100 z-1 hide-sibling-opacity" target="" href="/ip/Prima-Della-Honey-Ham-Deli-Sliced/961988622?athcpid=961988622&amp;athpgid=AthenaContentPage_4740967&amp;athcgid=null&amp;athznid=ItemCarousel_3da2d504-f1fb-4469-af21-4b6097aa0ad5_items&amp;athieid=v0&amp;athstid=CS020&amp;athguid=s-SwGJlwQKwJx4-cn3aD3PFfAgOp1Vtd9RFT&amp;athancid=null&amp;athena=true"><span class="w_iUH7"><h3>Prima Della Honey Ham, Deli Sliced</h3></span></a><div class="h2 relative mv2"></div><div class="relative"><div class="relative overflow-hidden" style="max-width:226px;height:0;padding-bottom:min(226px, 100%);align-self:center;width:min(226px, 100%)"><img loading="lazy" srcset="https://i5.walmartimages.com/asr/fb45a79d-dbeb-40d7-938b-d36c95fbc4b2.20bf7828ef808b1c3601c5d2a3408c0e.jpeg?odnHeight=226&amp;odnWidth=226&amp;odnBg=FFFFFF 1x, https://i5.walmartimages.com/asr/fb45a79d-dbeb-40d7-938b-d36c95fbc4b2.20bf7828ef808b1c3601c5d2a3408c0e.jpeg?odnHeight=576&amp;odnWidth=576&amp;odnBg=FFFFFF 2x" src="https://i5.walmartimages.com/asr/fb45a79d-dbeb-40d7-938b-d36c95fbc4b2.20bf7828ef808b1c3601c5d2a3408c0e.jpeg?odnHeight=576&amp;odnWidth=576&amp;odnBg=FFFFFF" width="" height="" class="absolute top-0 left-0" data-testid="productTileImage" alt="Prima Della Honey Ham, Deli Sliced"/></div><div class="z-2 absolute bottom--1"><div class="relative dib" data-id="961988622"><button class="w_hhLG w_8nsR w_jDfj pointer bn sans-serif b ph2 flex items-center justify-center w-auto shadow-1" type="button" data-pcss-hide="true" data-automation-id="add-to-cart" aria-label="Add to cart - Prima Della Honey Ham, Deli Sliced"><i class="ld ld-Plus" style="font-size:1.5rem;vertical-align:-0.25em;width:1.5rem;height:1.5rem;box-sizing:content-box" title="add to cart"></i><span class="mr2">Add</span></button></div></div></div><div class="mt5 mb0" style="height:24px" data-testid="variant-961988622"></div><div data-automation-id="product-price" class="flex flex-wrap justify-start items-center lh-title mb1-m"><div class="mr1 mr2-xl b black lh-copy f5 f4-l" aria-hidden="true">$8.77</div><span class="w_iUH7">current price $8.77</span><div class="gray f7 f6-l"><span class="mr3">/ lb<!-- --> </span></div></div><span class=""><span class="w_V_DM" style="-webkit-line-clamp:3;padding-bottom:0em;margin-bottom:-0em"><span data-automation-id="product-title" class="normal dark-gray mb0 mt1 lh-title f6 f5-l">Prima Della Honey Ham, Deli Sliced</span></span></span><div></div><div class="mb2 mt2"><span class="w_iUH7">Available for Pickup or Delivery</span><span class="w_VbBP w_mFV6 w_I_19 w_3oNC w_AAn7 mr1 mt1 ph1" aria-hidden="true">Pickup</span><span class="w_VbBP w_mFV6 w_I_19 w_3oNC w_AAn7 mr1 mt1 ph1" aria-hidden="true">Delivery</span></div></div></li><li class="flex flex-column items-center pa1 pr2 pb2" data-slide="6"><div role="group" data-item-id="134053839" class="sans-serif mid-gray relative flex flex-column w-100 h-100 hide-child-opacity" data-testid="product-tile-6" aria-label="Product"><a link-identifier="134053839" class="absolute w-100 h-100 z-1 hide-sibling-opacity" target="" href="/ip/Prima-Della-Muenster-Cheese-Deli-Sliced/134053839?athcpid=134053839&amp;athpgid=AthenaContentPage_4740967&amp;athcgid=null&amp;athznid=ItemCarousel_3da2d504-f1fb-4469-af21-4b6097aa0ad5_items&amp;athieid=v0&amp;athstid=CS020&amp;athguid=s-SwGJlwQKwJx4-cn3aD3PFfAgOp1Vtd9RFT&amp;athancid=null&amp;athena=true"><span class="w_iUH7"><h3>Prima Della Muenster Cheese, Deli Sliced</h3></span></a><div class="h2 relative mv2"></div><div class="relative"><div class="relative overflow-hidden" style="max-width:226px;height:0;padding-bottom:min(226px, 100%);align-self:center;width:min(226px, 100%)"><img loading="lazy" srcset="https://i5.walmartimages.com/asr/8e19e118-cd0b-4bf8-85f5-0ac195a8b2fb_1.19e066ae610c2d6586829155e622f4d0.jpeg?odnHeight=226&amp;odnWidth=226&amp;odnBg=FFFFFF 1x, https://i5.walmartimages.com/asr/8e19e118-cd0b-4bf8-85f5-0ac195a8b2fb_1.19e066ae610c2d6586829155e622f4d0.jpeg?odnHeight=576&amp;odnWidth=576&amp;odnBg=FFFFFF 2x" src="https://i5.walmartimages.com/asr/8e19e118-cd0b-4bf8-85f5-0ac195a8b2fb_1.19e066ae610c2d6586829155e622f4d0.jpeg?odnHeight=576&amp;odnWidth=576&amp;odnBg=FFFFFF" width="" height="" class="absolute top-0 left-0" data-testid="productTileImage" alt="Prima Della Muenster Cheese, Deli Sliced"/></div><div class="z-2 absolute bottom--1 w-60"><div class="relative dib" data-id="134053839"><a class="w_hhLG w_8nsR w_jDfj pointer bn sans-serif b ph2 flex items-center justify-center w-auto shadow-1" href="/ip/Prima-Della-Muenster-Cheese-Deli-Sliced/134053839?athcpid=134053839&amp;athpgid=AthenaContentPage_4740967&amp;athcgid=null&amp;athznid=ItemCarousel_3da2d504-f1fb-4469-af21-4b6097aa0ad5_items&amp;athieid=v0&amp;athstid=CS020&amp;athguid=s-SwGJlwQKwJx4-cn3aD3PFfAgOp1Vtd9RFT&amp;athancid=null&amp;athena=true" data-pcss-hide="true" aria-label="Options - Prima Della Muenster Cheese, Deli Sliced"><span class="mh2">Options</span></a></div></div></div><div class="mt5 mb0" style="height:24px" data-testid="variant-134053839"></div><div data-automation-id="product-price" class="flex flex-wrap justify-start items-center lh-title mb1-m"><div class="mr1 mr2-xl b black lh-copy f5 f4-l" aria-hidden="true">$7.62</div><span class="w_iUH7">current price $7.62</span><div class="gray f7 f6-l"><span class="mr3">/ lb<!-- --> </span></div></div><span class=""><span class="w_V_DM" style="-webkit-line-clamp:3;padding-bottom:0em;margin-bottom:-0em"><span data-automation-id="product-title" class="normal dark-gray mb0 mt1 lh-title f6 f5-l">Prima Della Muenster Cheese, Deli Sliced</span></span></span><div class="flex items-center mt2"><span class="black inline-flex mr1" data-testid="product-ratings" data-value="3"><i class="ld ld-StarFill" style="font-size:12px;vertical-align:-0.175em;width:12px;height:12px;box-sizing:content-box" aria-hidden="true"></i><i class="ld ld-StarFill" style="font-size:12px;vertical-align:-0.175em;width:12px;height:12px;box-sizing:content-box" aria-hidden="true"></i><i class="ld ld-StarFill" style="font-size:12px;vertical-align:-0.175em;width:12px;height:12px;box-sizing:content-box" aria-hidden="true"></i><i class="ld ld-Star" style="font-size:12px;vertical-align:-0.175em;width:12px;height:12px;box-sizing:content-box" aria-hidden="true"></i><i class="ld ld-Star" style="font-size:12px;vertical-align:-0.175em;width:12px;height:12px;box-sizing:content-box" aria-hidden="true"></i></span><span class="sans-serif gray f7" aria-hidden="true" data-testid="product-reviews" data-value="90">90</span><span class="w_iUH7">3 out of 5 Stars. 90 reviews</span></div><div></div><div class="mb2 mt2"><span class="w_iUH7">Available for Pickup or Delivery</span><span class="w_VbBP w_mFV6 w_I_19 w_3oNC w_AAn7 mr1 mt1 ph1" aria-hidden="true">Pickup</span><span class="w_VbBP w_mFV6 w_I_19 w_3oNC w_AAn7 mr1 mt1 ph1" aria-hidden="true">Delivery</span></div></div></li><li class="flex flex-column items-center pa1 pr2 pb2" data-slide="7"><div role="group" data-item-id="10403582" class="sans-serif mid-gray relative flex flex-column w-100 h-100 hide-child-opacity" data-testid="product-tile-7" aria-label="Product"><a link-identifier="10403582" class="absolute w-100 h-100 z-1 hide-sibling-opacity" target="" href="/ip/Prima-Della-Baby-Swiss-Cheese-5-Lb-Wheel-Deli-Sliced/10403582?athcpid=10403582&amp;athpgid=AthenaContentPage_4740967&amp;athcgid=null&amp;athznid=ItemCarousel_3da2d504-f1fb-4469-af21-4b6097aa0ad5_items&amp;athieid=v0&amp;athstid=CS020&amp;athguid=s-SwGJlwQKwJx4-cn3aD3PFfAgOp1Vtd9RFT&amp;athancid=null&amp;athena=true"><span class="w_iUH7"><h3>Prima Della Baby Swiss Cheese 5 Lb Wheel, Deli Sliced</h3></span></a><div class="h2 relative mv2"></div><div class="relative"><div class="relative overflow-hidden" style="max-width:226px;height:0;padding-bottom:min(226px, 100%);align-self:center;width:min(226px, 100%)"><img loading="lazy" srcset="https://i5.walmartimages.com/asr/a7888cb0-fc8e-4aea-b4fd-5ec3fdec52b1.145dc28c74cb5512fcb951d13a8a0a7f.jpeg?odnHeight=226&amp;odnWidth=226&amp;odnBg=FFFFFF 1x, https://i5.walmartimages.com/asr/a7888cb0-fc8e-4aea-b4fd-5ec3fdec52b1.145dc28c74cb5512fcb951d13a8a0a7f.jpeg?odnHeight=576&amp;odnWidth=576&amp;odnBg=FFFFFF 2x" src="https://i5.walmartimages.com/asr/a7888cb0-fc8e-4aea-b4fd-5ec3fdec52b1.145dc28c74cb5512fcb951d13a8a0a7f.jpeg?odnHeight=576&amp;odnWidth=576&amp;odnBg=FFFFFF" width="" height="" class="absolute top-0 left-0" data-testid="productTileImage" alt="Prima Della Baby Swiss Cheese 5 Lb Wheel, Deli Sliced"/></div><div class="z-2 absolute bottom--1"><div class="relative dib" data-id="10403582"><button class="w_hhLG w_8nsR w_jDfj pointer bn sans-serif b ph2 flex items-center justify-center w-auto shadow-1" type="button" data-pcss-hide="true" data-automation-id="add-to-cart" aria-label="Add to cart - Prima Della Baby Swiss Cheese 5 Lb Wheel, Deli Sliced"><i class="ld ld-Plus" style="font-size:1.5rem;vertical-align:-0.25em;width:1.5rem;height:1.5rem;box-sizing:content-box" title="add to cart"></i><span class="mr2">Add</span></button></div></div></div><div class="mt5 mb0" style="height:24px" data-testid="variant-10403582"></div><div data-automation-id="product-price" class="flex flex-wrap justify-start items-center lh-title mb1-m"><div class="mr1 mr2-xl b black lh-copy f5 f4-l" aria-hidden="true">$7.62</div><span class="w_iUH7">current price $7.62</span><div class="gray f7 f6-l"><span class="mr3">/ lb<!-- --> </span></div></div><span class=""><span class="w_V_DM" style="-webkit-line-clamp:3;padding-bottom:0em;margin-bottom:-0em"><span data-automation-id="product-title" class="normal dark-gray mb0 mt1 lh-title f6 f5-l">Prima Della Baby Swiss Cheese 5 Lb Wheel, Deli Sliced</span></span></span><div class="flex items-center mt2"><span class="black inline-flex mr1" data-testid="product-ratings" data-value="2.9"><i class="ld ld-StarFill" style="font-size:12px;vertical-align:-0.175em;width:12px;height:12px;box-sizing:content-box" aria-hidden="true"></i><i class="ld ld-StarFill" style="font-size:12px;vertical-align:-0.175em;width:12px;height:12px;box-sizing:content-box" aria-hidden="true"></i><i class="ld ld-StarFill" style="font-size:12px;vertical-align:-0.175em;width:12px;height:12px;box-sizing:content-box" aria-hidden="true"></i><i class="ld ld-Star" style="font-size:12px;vertical-align:-0.175em;width:12px;height:12px;box-sizing:content-box" aria-hidden="true"></i><i class="ld ld-Star" style="font-size:12px;vertical-align:-0.175em;width:12px;height:12px;box-sizing:content-box" aria-hidden="true"></i></span><span class="sans-serif gray f7" aria-hidden="true" data-testid="product-reviews" data-value="70">70</span><span class="w_iUH7">2.9 out of 5 Stars. 70 reviews</span></div><div></div><div class="mb2 mt2"><span class="w_iUH7">Available for Pickup or Delivery</span><span class="w_VbBP w_mFV6 w_I_19 w_3oNC w_AAn7 mr1 mt1 ph1" aria-hidden="true">Pickup</span><span class="w_VbBP w_mFV6 w_I_19 w_3oNC w_AAn7 mr1 mt1 ph1" aria-hidden="true">Delivery</span></div></div></li><li class="flex flex-column items-center pa1 pr2 pb2" data-slide="8"><div role="group" data-item-id="16940591" class="sans-serif mid-gray relative flex flex-column w-100 h-100 hide-child-opacity" data-testid="product-tile-8" aria-label="Product"><a link-identifier="16940591" class="absolute w-100 h-100 z-1 hide-sibling-opacity" target="" href="/ip/Sara-Lee-Premium-Meats-Gluten-Free-Honey-Roasted-Turkey-Breast-Deli-Sliced/16940591?athcpid=16940591&amp;athpgid=AthenaContentPage_4740967&amp;athcgid=null&amp;athznid=ItemCarousel_3da2d504-f1fb-4469-af21-4b6097aa0ad5_items&amp;athieid=v0&amp;athstid=CS020&amp;athguid=s-SwGJlwQKwJx4-cn3aD3PFfAgOp1Vtd9RFT&amp;athancid=null&amp;athena=true&amp;athbdg=L1600"><span class="w_iUH7"><h3>Sara Lee Premium Meats Gluten Free Honey Roasted Turkey Breast, Deli Sliced</h3></span></a><div class="h2 relative mv2"><span class="w_VbBP w_mFV6 w_awtt w_3oNC w_3H8O tag-leading-badge absolute">Best seller</span></div><div class="relative"><div class="relative overflow-hidden" style="max-width:226px;height:0;padding-bottom:min(226px, 100%);align-self:center;width:min(226px, 100%)"><img loading="lazy" srcset="https://i5.walmartimages.com/asr/5d3d6344-3b6b-483b-829c-e5a10132d122.e254193d7a9efb10e24619397beefe2d.jpeg?odnHeight=226&amp;odnWidth=226&amp;odnBg=FFFFFF 1x, https://i5.walmartimages.com/asr/5d3d6344-3b6b-483b-829c-e5a10132d122.e254193d7a9efb10e24619397beefe2d.jpeg?odnHeight=576&amp;odnWidth=576&amp;odnBg=FFFFFF 2x" src="https://i5.walmartimages.com/asr/5d3d6344-3b6b-483b-829c-e5a10132d122.e254193d7a9efb10e24619397beefe2d.jpeg?odnHeight=576&amp;odnWidth=576&amp;odnBg=FFFFFF" width="" height="" class="absolute top-0 left-0" data-testid="productTileImage" alt="Sara Lee Premium Meats Gluten Free Honey Roasted Turkey Breast, Deli Sliced"/></div><div class="z-2 absolute bottom--1 w-60"><div class="relative dib" data-id="16940591"><a class="w_hhLG w_8nsR w_jDfj pointer bn sans-serif b ph2 flex items-center justify-center w-auto shadow-1" href="/ip/Sara-Lee-Premium-Meats-Gluten-Free-Honey-Roasted-Turkey-Breast-Deli-Sliced/16940591?athcpid=16940591&amp;athpgid=AthenaContentPage_4740967&amp;athcgid=null&amp;athznid=ItemCarousel_3da2d504-f1fb-4469-af21-4b6097aa0ad5_items&amp;athieid=v0&amp;athstid=CS020&amp;athguid=s-SwGJlwQKwJx4-cn3aD3PFfAgOp1Vtd9RFT&amp;athancid=null&amp;athena=true&amp;athbdg=L1600" data-pcss-hide="true" aria-label="Options - Sara Lee Premium Meats Gluten Free Honey Roasted Turkey Breast, Deli Sliced"><span class="mh2">Options</span></a></div></div></div><div class="mt5 mb0" style="height:24px" data-testid="variant-16940591"></div><div data-automation-id="product-price" class="flex flex-wrap justify-start items-center lh-title mb1-m"><div class="mr1 mr2-xl b black lh-copy f5 f4-l" aria-hidden="true">$9.94</div><span class="w_iUH7">current price $9.94</span><div class="gray f7 f6-l"><span class="mr3">/ lb<!-- --> </span></div></div><span class=""><span class="w_V_DM" style="-webkit-line-clamp:3;padding-bottom:0em;margin-bottom:-0em"><span data-automation-id="product-title" class="normal dark-gray mb0 mt1 lh-title f6 f5-l">Sara Lee Premium Meats Gluten Free Honey Roasted Turkey Breast, Deli Sliced</span></span></span><div></div><div class="mb2 mt2"><span class="w_iUH7">Available for Pickup or Delivery</span><span class="w_VbBP w_mFV6 w_I_19 w_3oNC w_AAn7 mr1 mt1 ph1" aria-hidden="true">Pickup</span><span class="w_VbBP w_mFV6 w_I_19 w_3oNC w_AAn7 mr1 mt1 ph1" aria-hidden="true">Delivery</span></div></div></li><li class="flex flex-column items-center pa1 pr2 pb2" data-slide="9"><div role="group" data-item-id="47934607" class="sans-serif mid-gray relative flex flex-column w-100 h-100 hide-child-opacity" data-testid="product-tile-9" aria-label="Product"><a link-identifier="47934607" class="absolute w-100 h-100 z-1 hide-sibling-opacity" target="" href="/ip/Prima-Della-Genoa-Salami-Deli-Sliced/47934607?athcpid=47934607&amp;athpgid=AthenaContentPage_4740967&amp;athcgid=null&amp;athznid=ItemCarousel_3da2d504-f1fb-4469-af21-4b6097aa0ad5_items&amp;athieid=v0&amp;athstid=CS020&amp;athguid=s-SwGJlwQKwJx4-cn3aD3PFfAgOp1Vtd9RFT&amp;athancid=null&amp;athena=true"><span class="w_iUH7"><h3>Prima Della Genoa Salami, Deli Sliced</h3></span></a><div class="h2 relative mv2"></div><div class="relative"><div class="relative overflow-hidden" style="max-width:226px;height:0;padding-bottom:min(226px, 100%);align-self:center;width:min(226px, 100%)"><img loading="lazy" srcset="https://i5.walmartimages.com/asr/5ec3cf93-bcfb-4063-bad6-ebf6197f9c94.1fc13ee6beabf6f42469e2eee5a5bd43.jpeg?odnHeight=226&amp;odnWidth=226&amp;odnBg=FFFFFF 1x, https://i5.walmartimages.com/asr/5ec3cf93-bcfb-4063-bad6-ebf6197f9c94.1fc13ee6beabf6f42469e2eee5a5bd43.jpeg?odnHeight=576&amp;odnWidth=576&amp;odnBg=FFFFFF 2x" src="https://i5.walmartimages.com/asr/5ec3cf93-bcfb-4063-bad6-ebf6197f9c94.1fc13ee6beabf6f42469e2eee5a5bd43.jpeg?odnHeight=576&amp;odnWidth=576&amp;odnBg=FFFFFF" width="" height="" class="absolute top-0 left-0" data-testid="productTileImage" alt="Prima Della Genoa Salami, Deli Sliced"/></div><div class="z-2 absolute bottom--1"><div class="relative dib" data-id="47934607"><button class="w_hhLG w_8nsR w_jDfj pointer bn sans-serif b ph2 flex items-center justify-center w-auto shadow-1" type="button" data-pcss-hide="true" data-automation-id="add-to-cart" aria-label="Add to cart - Prima Della Genoa Salami, Deli Sliced"><i class="ld ld-Plus" style="font-size:1.5rem;vertical-align:-0.25em;width:1.5rem;height:1.5rem;box-sizing:content-box" title="add to cart"></i><span class="mr2">Add</span></button></div></div></div><div class="mt5 mb0" style="height:24px" data-testid="variant-47934607"></div><div data-automation-id="product-price" class="flex flex-wrap justify-start items-center lh-title mb1-m"><div class="mr1 mr2-xl b black lh-copy f5 f4-l" aria-hidden="true">$8.77</div><span class="w_iUH7">current price $8.77</span><div class="gray f7 f6-l"><span class="mr3">/ lb<!-- --> </span></div></div><span class=""><span class="w_V_DM" style="-webkit-line-clamp:3;padding-bottom:0em;margin-bottom:-0em"><span data-automation-id="product-title" class="normal dark-gray mb0 mt1 lh-title f6 f5-l">Prima Della Genoa Salami, Deli Sliced</span></span></span><div></div><div class="mb2 mt2"><span class="w_iUH7">Available for Pickup or Delivery</span><span class="w_VbBP w_mFV6 w_I_19 w_3oNC w_AAn7 mr1 mt1 ph1" aria-hidden="true">Pickup</span><span class="w_VbBP w_mFV6 w_I_19 w_3oNC w_AAn7 mr1 mt1 ph1" aria-hidden="true">Delivery</span></div></div></li><li class="flex flex-column items-center pa1 pr2 pb2" data-slide="10"><div role="group" data-item-id="179341906" class="sans-serif mid-gray relative flex flex-column w-100 h-100 hide-child-opacity" data-testid="product-tile-10" aria-label="Product"><a link-identifier="179341906" class="absolute w-100 h-100 z-1 hide-sibling-opacity" target="" href="/ip/Prima-Della-Pepper-Jack-Cheese-Deli-Sliced/179341906?athcpid=179341906&amp;athpgid=AthenaContentPage_4740967&amp;athcgid=null&amp;athznid=ItemCarousel_3da2d504-f1fb-4469-af21-4b6097aa0ad5_items&amp;athieid=v0&amp;athstid=CS020&amp;athguid=s-SwGJlwQKwJx4-cn3aD3PFfAgOp1Vtd9RFT&amp;athancid=null&amp;athena=true"><span class="w_iUH7"><h3>Prima Della Pepper Jack Cheese, Deli Sliced</h3></span></a><div class="h2 relative mv2"></div><div class="relative"><div class="relative overflow-hidden" style="max-width:226px;height:0;padding-bottom:min(226px, 100%);align-self:center;width:min(226px, 100%)"><img loading="lazy" srcset="https://i5.walmartimages.com/asr/cdda3d6c-c993-4fc1-99bf-a4c3072acdd5.0edbdde66e19a6d04700f516d4a4593c.jpeg?odnHeight=226&amp;odnWidth=226&amp;odnBg=FFFFFF 1x, https://i5.walmartimages.com/asr/cdda3d6c-c993-4fc1-99bf-a4c3072acdd5.0edbdde66e19a6d04700f516d4a4593c.jpeg?odnHeight=576&amp;odnWidth=576&amp;odnBg=FFFFFF 2x" src="https://i5.walmartimages.com/asr/cdda3d6c-c993-4fc1-99bf-a4c3072acdd5.0edbdde66e19a6d04700f516d4a4593c.jpeg?odnHeight=576&amp;odnWidth=576&amp;odnBg=FFFFFF" width="" height="" class="absolute top-0 left-0" data-testid="productTileImage" alt="Prima Della Pepper Jack Cheese, Deli Sliced"/></div><div class="z-2 absolute bottom--1"><div class="relative dib" data-id="179341906"><button class="w_hhLG w_8nsR w_jDfj pointer bn sans-serif b ph2 flex items-center justify-center w-auto shadow-1" type="button" data-pcss-hide="true" data-automation-id="add-to-cart" aria-label="Add to cart - Prima Della Pepper Jack Cheese, Deli Sliced"><i class="ld ld-Plus" style="font-size:1.5rem;vertical-align:-0.25em;width:1.5rem;height:1.5rem;box-sizing:content-box" title="add to cart"></i><span class="mr2">Add</span></button></div></div></div><div class="mt5 mb0" style="height:24px" data-testid="variant-179341906"></div><div data-automation-id="product-price" class="flex flex-wrap justify-start items-center lh-title mb1-m"><div class="mr1 mr2-xl b black lh-copy f5 f4-l" aria-hidden="true">$7.62</div><span class="w_iUH7">current price $7.62</span><div class="gray f7 f6-l"><span class="mr3">/ lb<!-- --> </span></div></div><span class=""><span class="w_V_DM" style="-webkit-line-clamp:3;padding-bottom:0em;margin-bottom:-0em"><span data-automation-id="product-title" class="normal dark-gray mb0 mt1 lh-title f6 f5-l">Prima Della Pepper Jack Cheese, Deli Sliced</span></span></span><div class="flex items-center mt2"><span class="black inline-flex mr1" data-testid="product-ratings" data-value="2.9"><i class="ld ld-StarFill" style="font-size:12px;vertical-align:-0.175em;width:12px;height:12px;box-sizing:content-box" aria-hidden="true"></i><i class="ld ld-StarFill" style="font-size:12px;vertical-align:-0.175em;width:12px;height:12px;box-sizing:content-box" aria-hidden="true"></i><i class="ld ld-StarFill" style="font-size:12px;vertical-align:-0.175em;width:12px;height:12px;box-sizing:content-box" aria-hidden="true"></i><i class="ld ld-Star" style="font-size:12px;vertical-align:-0.175em;width:12px;height:12px;box-sizing:content-box" aria-hidden="true"></i><i class="ld ld-Star" style="font-size:12px;vertical-align:-0.175em;width:12px;height:12px;box-sizing:content-box" aria-hidden="true"></i></span><span class="sans-serif gray f7" aria-hidden="true" data-testid="product-reviews" data-value="64">64</span><span class="w_iUH7">2.9 out of 5 Stars. 64 reviews</span></div><div></div><div class="mb2 mt2"><span class="w_iUH7">Available for Pickup or Delivery</span><span class="w_VbBP w_mFV6 w_I_19 w_3oNC w_AAn7 mr1 mt1 ph1" aria-hidden="true">Pickup</span><span class="w_VbBP w_mFV6 w_I_19 w_3oNC w_AAn7 mr1 mt1 ph1" aria-hidden="true">Delivery</span></div></div></li><li class="flex flex-column items-center pa1 pr2 pb2" data-slide="11"><div role="group" data-item-id="108093440" class="sans-serif mid-gray relative flex flex-column w-100 h-100 hide-child-opacity" data-testid="product-tile-11" aria-label="Product"><a link-identifier="108093440" class="absolute w-100 h-100 z-1 hide-sibling-opacity" target="" href="/ip/Prima-Della-Hickory-Smoked-Turkey-Breast-Deli-Sliced/108093440?athcpid=108093440&amp;athpgid=AthenaContentPage_4740967&amp;athcgid=null&amp;athznid=ItemCarousel_3da2d504-f1fb-4469-af21-4b6097aa0ad5_items&amp;athieid=v0&amp;athstid=CS020&amp;athguid=s-SwGJlwQKwJx4-cn3aD3PFfAgOp1Vtd9RFT&amp;athancid=null&amp;athena=true"><span class="w_iUH7"><h3>Prima Della Hickory Smoked Turkey Breast, Deli Sliced</h3></span></a><div class="h2 relative mv2"></div><div class="relative"><div class="relative overflow-hidden" style="max-width:226px;height:0;padding-bottom:min(226px, 100%);align-self:center;width:min(226px, 100%)"><img loading="lazy" srcset="https://i5.walmartimages.com/asr/fc2945c7-03c8-43c8-9e55-c9c7d487f2e4.3c41c2c82401c426de0a8362e05261e5.jpeg?odnHeight=226&amp;odnWidth=226&amp;odnBg=FFFFFF 1x, https://i5.walmartimages.com/asr/fc2945c7-03c8-43c8-9e55-c9c7d487f2e4.3c41c2c82401c426de0a8362e05261e5.jpeg?odnHeight=576&amp;odnWidth=576&amp;odnBg=FFFFFF 2x" src="https://i5.walmartimages.com/asr/fc2945c7-03c8-43c8-9e55-c9c7d487f2e4.3c41c2c82401c426de0a8362e05261e5.jpeg?odnHeight=576&amp;odnWidth=576&amp;odnBg=FFFFFF" width="" height="" class="absolute top-0 left-0" data-testid="productTileImage" alt="Prima Della Hickory Smoked Turkey Breast, Deli Sliced"/></div><div class="z-2 absolute bottom--1"><div class="relative dib" data-id="108093440"><button class="w_hhLG w_8nsR w_jDfj pointer bn sans-serif b ph2 flex items-center justify-center w-auto shadow-1" type="button" data-pcss-hide="true" data-automation-id="add-to-cart" aria-label="Add to cart - Prima Della Hickory Smoked Turkey Breast, Deli Sliced"><i class="ld ld-Plus" style="font-size:1.5rem;vertical-align:-0.25em;width:1.5rem;height:1.5rem;box-sizing:content-box" title="add to cart"></i><span class="mr2">Add</span></button></div></div></div><div class="mt5 mb0" style="height:24px" data-testid="variant-108093440"></div><div data-automation-id="product-price" class="flex flex-wrap justify-start items-center lh-title mb1-m"><div class="mr1 mr2-xl b black lh-copy f5 f4-l" aria-hidden="true">$10.72</div><span class="w_iUH7">current price $10.72</span><div class="gray f7 f6-l"><span class="mr3">/ lb<!-- --> </span></div></div><span class=""><span class="w_V_DM" style="-webkit-line-clamp:3;padding-bottom:0em;margin-bottom:-0em"><span data-automation-id="product-title" class="normal dark-gray mb0 mt1 lh-title f6 f5-l">Prima Della Hickory Smoked Turkey Breast, Deli Sliced</span></span></span><div></div><div class="mb2 mt2"><span class="w_iUH7">Available for Pickup or Delivery</span><span class="w_VbBP w_mFV6 w_I_19 w_3oNC w_AAn7 mr1 mt1 ph1" aria-hidden="true">Pickup</span><span class="w_VbBP w_mFV6 w_I_19 w_3oNC w_AAn7 mr1 mt1 ph1" aria-hidden="true">Delivery</span></div></div></li><li class="flex flex-column items-center pa1 pr2 pb2" data-slide="12"><div role="group" data-item-id="121391168" class="sans-serif mid-gray relative flex flex-column w-100 h-100 hide-child-opacity" data-testid="product-tile-12" aria-label="Product"><a link-identifier="121391168" class="absolute w-100 h-100 z-1 hide-sibling-opacity" target="" href="/ip/Prima-Della-Cajun-Turkey-Breast-Deli-Sliced/121391168?athcpid=121391168&amp;athpgid=AthenaContentPage_4740967&amp;athcgid=null&amp;athznid=ItemCarousel_3da2d504-f1fb-4469-af21-4b6097aa0ad5_items&amp;athieid=v0&amp;athstid=CS020&amp;athguid=s-SwGJlwQKwJx4-cn3aD3PFfAgOp1Vtd9RFT&amp;athancid=null&amp;athena=true"><span class="w_iUH7"><h3>Prima Della Cajun Turkey Breast, Deli Sliced</h3></span></a><div class="h2 relative mv2"></div><div class="relative"><div class="relative overflow-hidden" style="max-width:226px;height:0;padding-bottom:min(226px, 100%);align-self:center;width:min(226px, 100%)"><img loading="lazy" srcset="https://i5.walmartimages.com/asr/bd1841b9-795f-4fc2-961b-884f5151a549.a7f417964365ca604ffc82b195ad5887.jpeg?odnHeight=226&amp;odnWidth=226&amp;odnBg=FFFFFF 1x, https://i5.walmartimages.com/asr/bd1841b9-795f-4fc2-961b-884f5151a549.a7f417964365ca604ffc82b195ad5887.jpeg?odnHeight=576&amp;odnWidth=576&amp;odnBg=FFFFFF 2x" src="https://i5.walmartimages.com/asr/bd1841b9-795f-4fc2-961b-884f5151a549.a7f417964365ca604ffc82b195ad5887.jpeg?odnHeight=576&amp;odnWidth=576&amp;odnBg=FFFFFF" width="" height="" class="absolute top-0 left-0" data-testid="productTileImage" alt="Prima Della Cajun Turkey Breast, Deli Sliced"/></div><div class="z-2 absolute bottom--1"><div class="relative dib" data-id="121391168"><button class="w_hhLG w_8nsR w_jDfj pointer bn sans-serif b ph2 flex items-center justify-center w-auto shadow-1" type="button" data-pcss-hide="true" data-automation-id="add-to-cart" aria-label="Add to cart - Prima Della Cajun Turkey Breast, Deli Sliced"><i class="ld ld-Plus" style="font-size:1.5rem;vertical-align:-0.25em;width:1.5rem;height:1.5rem;box-sizing:content-box" title="add to cart"></i><span class="mr2">Add</span></button></div></div></div><div class="mt5 mb0" style="height:24px" data-testid="variant-121391168"></div><div data-automation-id="product-price" class="flex flex-wrap justify-start items-center lh-title mb1-m"><div class="mr1 mr2-xl b black lh-copy f5 f4-l" aria-hidden="true">$10.72</div><span class="w_iUH7">current price $10.72</span><div class="gray f7 f6-l"><span class="mr3">/ lb<!-- --> </span></div></div><span class=""><span class="w_V_DM" style="-webkit-line-clamp:3;padding-bottom:0em;margin-bottom:-0em"><span data-automation-id="product-title" class="normal dark-gray mb0 mt1 lh-title f6 f5-l">Prima Della Cajun Turkey Breast, Deli Sliced</span></span></span><div></div><div class="mb2 mt2"><span class="w_iUH7">Available for Pickup or Delivery</span><span class="w_VbBP w_mFV6 w_I_19 w_3oNC w_AAn7 mr1 mt1 ph1" aria-hidden="true">Pickup</span><span class="w_VbBP w_mFV6 w_I_19 w_3oNC w_AAn7 mr1 mt1 ph1" aria-hidden="true">Delivery</span></div></div></li><li class="flex flex-column items-center pa1 pr2 pb2" data-slide="13"><div role="group" data-item-id="170175337" class="sans-serif mid-gray relative flex flex-column w-100 h-100 hide-child-opacity" data-testid="product-tile-13" aria-label="Product"><a link-identifier="170175337" class="absolute w-100 h-100 z-1 hide-sibling-opacity" target="" href="/ip/Jennie-O-Turkey-Premium-Seasoned-Cracked-Pepper-Turkey-Breast-Deli-Sliced-Plastic-Pack/170175337?athcpid=170175337&amp;athpgid=AthenaContentPage_4740967&amp;athcgid=null&amp;athznid=ItemCarousel_3da2d504-f1fb-4469-af21-4b6097aa0ad5_items&amp;athieid=v0&amp;athstid=CS020&amp;athguid=s-SwGJlwQKwJx4-cn3aD3PFfAgOp1Vtd9RFT&amp;athancid=null&amp;athena=true"><span class="w_iUH7"><h3>Jennie-O Turkey Premium Seasoned Cracked Pepper Turkey Breast, Deli Sliced Plastic Pack</h3></span></a><div class="h2 relative mv2"></div><div class="relative"><div class="relative overflow-hidden" style="max-width:226px;height:0;padding-bottom:min(226px, 100%);align-self:center;width:min(226px, 100%)"><img loading="lazy" srcset="https://i5.walmartimages.com/asr/2e2395de-85c8-4f5b-a6ce-34af30cab586.9fe56d15796d30fdd0981c3b48cd82d3.jpeg?odnHeight=226&amp;odnWidth=226&amp;odnBg=FFFFFF 1x, https://i5.walmartimages.com/asr/2e2395de-85c8-4f5b-a6ce-34af30cab586.9fe56d15796d30fdd0981c3b48cd82d3.jpeg?odnHeight=576&amp;odnWidth=576&amp;odnBg=FFFFFF 2x" src="https://i5.walmartimages.com/asr/2e2395de-85c8-4f5b-a6ce-34af30cab586.9fe56d15796d30fdd0981c3b48cd82d3.jpeg?odnHeight=576&amp;odnWidth=576&amp;odnBg=FFFFFF" width="" height="" class="absolute top-0 left-0" data-testid="productTileImage" alt="Jennie-O Turkey Premium Seasoned Cracked Pepper Turkey Breast, Deli Sliced Plastic Pack"/></div><div class="z-2 absolute bottom--1"><div class="relative dib" data-id="170175337"><button class="w_hhLG w_8nsR w_jDfj pointer bn sans-serif b ph2 flex items-center justify-center w-auto shadow-1" type="button" data-pcss-hide="true" data-automation-id="add-to-cart" aria-label="Add to cart - Jennie-O Turkey Premium Seasoned Cracked Pepper Turkey Breast, Deli Sliced Plastic Pack"><i class="ld ld-Plus" style="font-size:1.5rem;vertical-align:-0.25em;width:1.5rem;height:1.5rem;box-sizing:content-box" title="add to cart"></i><span class="mr2">Add</span></button></div></div></div><div class="mt5 mb0" style="height:24px" data-testid="variant-170175337"></div><div data-automation-id="product-price" class="flex flex-wrap justify-start items-center lh-title mb1-m"><div class="mr1 mr2-xl b black lh-copy f5 f4-l" aria-hidden="true">$9.53</div><span class="w_iUH7">current price $9.53</span><div class="gray f7 f6-l"><span class="mr3">/ lb<!-- --> </span></div></div><span class=""><span class="w_V_DM" style="-webkit-line-clamp:3;padding-bottom:0em;margin-bottom:-0em"><span data-automation-id="product-title" class="normal dark-gray mb0 mt1 lh-title f6 f5-l">Jennie-O Turkey Premium Seasoned Cracked Pepper Turkey Breast, Deli Sliced Plastic Pack</span></span></span><div></div><div class="mb2 mt2"><span class="w_iUH7">Available for Pickup or Delivery</span><span class="w_VbBP w_mFV6 w_I_19 w_3oNC w_AAn7 mr1 mt1 ph1" aria-hidden="true">Pickup</span><span class="w_VbBP w_mFV6 w_I_19 w_3oNC w_AAn7 mr1 mt1 ph1" aria-hidden="true">Delivery</span></div></div></li><li class="flex flex-column items-center pa1 pr2 pb2" data-slide="14"><div role="group" data-item-id="122585297" class="sans-serif mid-gray relative flex flex-column w-100 h-100 hide-child-opacity" data-testid="product-tile-14" aria-label="Product"><a link-identifier="122585297" class="absolute w-100 h-100 z-1 hide-sibling-opacity" target="" href="/ip/Prima-Della-Fully-Cooked-off-the-Bone-Ham-Deli-Sliced/122585297?athcpid=122585297&amp;athpgid=AthenaContentPage_4740967&amp;athcgid=null&amp;athznid=ItemCarousel_3da2d504-f1fb-4469-af21-4b6097aa0ad5_items&amp;athieid=v0&amp;athstid=CS020&amp;athguid=s-SwGJlwQKwJx4-cn3aD3PFfAgOp1Vtd9RFT&amp;athancid=null&amp;athena=true&amp;athbdg=L1600"><span class="w_iUH7"><h3>Prima Della Fully Cooked off-the-Bone Ham, Deli Sliced</h3></span></a><div class="h2 relative mv2"><span class="w_VbBP w_mFV6 w_awtt w_3oNC w_3H8O tag-leading-badge absolute">Best seller</span></div><div class="relative"><div class="relative overflow-hidden" style="max-width:226px;height:0;padding-bottom:min(226px, 100%);align-self:center;width:min(226px, 100%)"><img loading="lazy" srcset="https://i5.walmartimages.com/asr/2d56806e-ccd4-47cc-a466-d985f27b1c7a.05eb5e01ea20613d1bb6f6206856827c.jpeg?odnHeight=226&amp;odnWidth=226&amp;odnBg=FFFFFF 1x, https://i5.walmartimages.com/asr/2d56806e-ccd4-47cc-a466-d985f27b1c7a.05eb5e01ea20613d1bb6f6206856827c.jpeg?odnHeight=576&amp;odnWidth=576&amp;odnBg=FFFFFF 2x" src="https://i5.walmartimages.com/asr/2d56806e-ccd4-47cc-a466-d985f27b1c7a.05eb5e01ea20613d1bb6f6206856827c.jpeg?odnHeight=576&amp;odnWidth=576&amp;odnBg=FFFFFF" width="" height="" class="absolute top-0 left-0" data-testid="productTileImage" alt="Prima Della Fully Cooked off-the-Bone Ham, Deli Sliced"/></div><div class="z-2 absolute bottom--1"><div class="relative dib" data-id="122585297"><button class="w_hhLG w_8nsR w_jDfj pointer bn sans-serif b ph2 flex items-center justify-center w-auto shadow-1" type="button" data-pcss-hide="true" data-automation-id="add-to-cart" aria-label="Add to cart - Prima Della Fully Cooked off-the-Bone Ham, Deli Sliced"><i class="ld ld-Plus" style="font-size:1.5rem;vertical-align:-0.25em;width:1.5rem;height:1.5rem;box-sizing:content-box" title="add to cart"></i><span class="mr2">Add</span></button></div></div></div><div class="mt5 mb0" style="height:24px" data-testid="variant-122585297"></div><div data-automation-id="product-price" class="flex flex-wrap justify-start items-center lh-title mb1-m"><div class="mr1 mr2-xl b black lh-copy f5 f4-l" aria-hidden="true">$9.77</div><span class="w_iUH7">current price $9.77</span><div class="gray f7 f6-l"><span class="mr3">/ lb<!-- --> </span></div></div><span class=""><span class="w_V_DM" style="-webkit-line-clamp:3;padding-bottom:0em;margin-bottom:-0em"><span data-automation-id="product-title" class="normal dark-gray mb0 mt1 lh-title f6 f5-l">Prima Della Fully Cooked off-the-Bone Ham, Deli Sliced</span></span></span><div></div><div class="mb2 mt2"><span class="w_iUH7">Available for Pickup or Delivery</span><span class="w_VbBP w_mFV6 w_I_19 w_3oNC w_AAn7 mr1 mt1 ph1" aria-hidden="true">Pickup</span><span class="w_VbBP w_mFV6 w_I_19 w_3oNC w_AAn7 mr1 mt1 ph1" aria-hidden="true">Delivery</span></div></div></li></ul><a link-identifier="horizontalScrollerNext" class="absolute dn z-5 bg-white br-100 pa0 pointer db-l br-100 nav-control right-1" aria-label="Next slide for Product Carousel list" data-testid="horizontal-scroller-next" role="button"><i class="ld ld-ChevronRight" style="font-size:1.5rem;vertical-align:-0.25em;padding:12px;width:1.5rem;height:1.5rem;box-sizing:content-box"></i></a></div></section></section></div> <div class="mv3 mv4-xl ml3 ml0-l bb b--near-white"><section><section><header class="flex justify-between mb3 mb2-m pr3 pr4-m pr0-xl items-baseline"><section style="flex:1"><div><div><div class="inline-flex "><h2 class="f4 f3-m lh-title ma0 ">Easy hosting solutions</h2></div></div></div></section><a link-identifier="Shop all" class="black f6" href="https://www.walmart.com/browse/food/party-trays/976759_976789_4740967_6993020_8475666?povid=976759_itemcarousel_4740967_Easyhostingsolutions_Shopall_Rweb_Jun_14">Shop all</a></header><div class="flex flex-column justify-center relative" data-testid="horizontal-scroller-Product Carousel"><a link-identifier="horizontalScrollerPrevious" class="absolute dn z-5 bg-white br-100 pa0 pointer hidden-child br-100 nav-control left-1" aria-label="Previous slide for Product Carousel list" data-testid="horizontal-scroller-previous" role="button"><i class="ld ld-ChevronLeft" style="font-size:1.5rem;vertical-align:-0.25em;padding:12px;width:1.5rem;height:1.5rem;box-sizing:content-box"></i></a><ul style="display:grid;grid-auto-flow:column;scroll-snap-type:x mandatory;max-height:fit-content" class="list ma0 pl0 overflow-x-scroll hidesb hidesb-wk relative overflow-y-hidden carousel-peek-2 carousel-6-l carousel-3-m pr3-m" data-testid="carousel-container"><li class="flex flex-column items-center pa1 pr2 pb2" data-slide="0"><div role="group" data-item-id="16940282" class="sans-serif mid-gray relative flex flex-column w-100 h-100 hide-child-opacity" data-testid="product-tile-0" aria-label="Product"><a link-identifier="16940282" class="absolute w-100 h-100 z-1 hide-sibling-opacity" target="" href="/ip/HORMEL-GATHERINGS-Honey-Ham-and-Turkey-with-Cheese-and-Crackers-Deli-Party-28-oz-Plastic-Tray/16940282?athcpid=16940282&amp;athpgid=AthenaContentPage_4740967&amp;athcgid=null&amp;athznid=ItemCarousel_bacb44a7-ed4e-48b4-9eb2-acdb94075ef7_items&amp;athieid=v0&amp;athstid=CS020&amp;athguid=s-SwGJlwQKwJx4-cn3aD3PFfAgOp1Vtd9RFT&amp;athancid=null&amp;athena=true"><span class="w_iUH7"><h3>HORMEL GATHERINGS, Honey Ham and Turkey with Cheese and Crackers, Deli Party, 28 oz Plastic Tray</h3></span></a><div class="h2 relative mv2"></div><div class="relative"><div class="relative overflow-hidden" style="max-width:226px;height:0;padding-bottom:min(226px, 100%);align-self:center;width:min(226px, 100%)"><img loading="lazy" srcset="https://i5.walmartimages.com/asr/b6a0db3e-69f1-4418-9fc1-5b46f95246ba.2be32aeeec4eb3eee985ae6c892a8df2.jpeg?odnHeight=226&amp;odnWidth=226&amp;odnBg=FFFFFF 1x, https://i5.walmartimages.com/asr/b6a0db3e-69f1-4418-9fc1-5b46f95246ba.2be32aeeec4eb3eee985ae6c892a8df2.jpeg?odnHeight=576&amp;odnWidth=576&amp;odnBg=FFFFFF 2x" src="https://i5.walmartimages.com/asr/b6a0db3e-69f1-4418-9fc1-5b46f95246ba.2be32aeeec4eb3eee985ae6c892a8df2.jpeg?odnHeight=576&amp;odnWidth=576&amp;odnBg=FFFFFF" width="" height="" class="absolute top-0 left-0" data-testid="productTileImage" alt="HORMEL GATHERINGS, Honey Ham and Turkey with Cheese and Crackers, Deli Party, 28 oz Plastic Tray"/></div><div class="z-2 absolute bottom--1"><div class="relative dib" data-id="16940282"><button class="w_hhLG w_8nsR w_jDfj pointer bn sans-serif b ph2 flex items-center justify-center w-auto shadow-1" type="button" data-pcss-hide="true" data-automation-id="add-to-cart" aria-label="Add to cart - HORMEL GATHERINGS, Honey Ham and Turkey with Cheese and Crackers, Deli Party, 28 oz Plastic Tray"><i class="ld ld-Plus" style="font-size:1.5rem;vertical-align:-0.25em;width:1.5rem;height:1.5rem;box-sizing:content-box" title="add to cart"></i><span class="mr2">Add</span></button></div></div></div><div class="mt5 mb0" style="height:24px" data-testid="variant-16940282"></div><div data-automation-id="product-price" class="flex flex-wrap justify-start items-center lh-title mb1-m"><div class="mr1 mr2-xl b black lh-copy f5 f4-l" aria-hidden="true">$13.98</div><span class="w_iUH7">current price $13.98</span><div class="gray mr1 f7 f6-l">49.9 ¢/oz</div></div><span class=""><span class="w_V_DM" style="-webkit-line-clamp:3;padding-bottom:0em;margin-bottom:-0em"><span data-automation-id="product-title" class="normal dark-gray mb0 mt1 lh-title f6 f5-l">HORMEL GATHERINGS, Honey Ham and Turkey with Cheese and Crackers, Deli Party, 28 oz Plastic Tray</span></span></span><div class="flex items-center mt2"><span class="black inline-flex mr1" data-testid="product-ratings" data-value="4.1"><i class="ld ld-StarFill" style="font-size:12px;vertical-align:-0.175em;width:12px;height:12px;box-sizing:content-box" aria-hidden="true"></i><i class="ld ld-StarFill" style="font-size:12px;vertical-align:-0.175em;width:12px;height:12px;box-sizing:content-box" aria-hidden="true"></i><i class="ld ld-StarFill" style="font-size:12px;vertical-align:-0.175em;width:12px;height:12px;box-sizing:content-box" aria-hidden="true"></i><i class="ld ld-StarFill" style="font-size:12px;vertical-align:-0.175em;width:12px;height:12px;box-sizing:content-box" aria-hidden="true"></i><i class="ld ld-Star" style="font-size:12px;vertical-align:-0.175em;width:12px;height:12px;box-sizing:content-box" aria-hidden="true"></i></span><span class="sans-serif gray f7" aria-hidden="true" data-testid="product-reviews" data-value="333">333</span><span class="w_iUH7">4.1 out of 5 Stars. 333 reviews</span></div><div></div><div class="mb2 mt2"><span class="w_iUH7">Available for Pickup or Delivery</span><span class="w_VbBP w_mFV6 w_I_19 w_3oNC w_AAn7 mr1 mt1 ph1" aria-hidden="true">Pickup</span><span class="w_VbBP w_mFV6 w_I_19 w_3oNC w_AAn7 mr1 mt1 ph1" aria-hidden="true">Delivery</span></div></div></li><li class="flex flex-column items-center pa1 pr2 pb2" data-slide="1"><div role="group" data-item-id="14122442" class="sans-serif mid-gray relative flex flex-column w-100 h-100 hide-child-opacity" data-testid="product-tile-1" aria-label="Product"><a link-identifier="14122442" class="absolute w-100 h-100 z-1 hide-sibling-opacity" target="" href="/ip/HORMEL-GATHERINGS-Salami-and-Olives-with-Cheese-and-Crackers-Deli-Supreme-Party-Tray-40-oz-Plastic-Tray/14122442?athcpid=14122442&amp;athpgid=AthenaContentPage_4740967&amp;athcgid=null&amp;athznid=ItemCarousel_bacb44a7-ed4e-48b4-9eb2-acdb94075ef7_items&amp;athieid=v0&amp;athstid=CS020&amp;athguid=s-SwGJlwQKwJx4-cn3aD3PFfAgOp1Vtd9RFT&amp;athancid=null&amp;athena=true&amp;athbdg=L1600"><span class="w_iUH7"><h3>HORMEL GATHERINGS, Salami and Olives with Cheese and Crackers, Deli Supreme Party Tray, 40 oz Plastic Tray</h3></span></a><div class="h2 relative mv2"><span class="w_VbBP w_mFV6 w_awtt w_3oNC w_3H8O tag-leading-badge absolute">Best seller</span></div><div class="relative"><div class="relative overflow-hidden" style="max-width:226px;height:0;padding-bottom:min(226px, 100%);align-self:center;width:min(226px, 100%)"><img loading="lazy" srcset="https://i5.walmartimages.com/asr/39b5bc65-46ab-43a6-a7bf-ed2c796f533e.009f5758e14337a87b6bd2f048f1598d.jpeg?odnHeight=226&amp;odnWidth=226&amp;odnBg=FFFFFF 1x, https://i5.walmartimages.com/asr/39b5bc65-46ab-43a6-a7bf-ed2c796f533e.009f5758e14337a87b6bd2f048f1598d.jpeg?odnHeight=576&amp;odnWidth=576&amp;odnBg=FFFFFF 2x" src="https://i5.walmartimages.com/asr/39b5bc65-46ab-43a6-a7bf-ed2c796f533e.009f5758e14337a87b6bd2f048f1598d.jpeg?odnHeight=576&amp;odnWidth=576&amp;odnBg=FFFFFF" width="" height="" class="absolute top-0 left-0" data-testid="productTileImage" alt="HORMEL GATHERINGS, Salami and Olives with Cheese and Crackers, Deli Supreme Party Tray, 40 oz Plastic Tray"/></div><div class="z-2 absolute bottom--1"><div class="relative dib" data-id="14122442"><button class="w_hhLG w_8nsR w_jDfj pointer bn sans-serif b ph2 flex items-center justify-center w-auto shadow-1" type="button" data-pcss-hide="true" data-automation-id="add-to-cart" aria-label="Add to cart - HORMEL GATHERINGS, Salami and Olives with Cheese and Crackers, Deli Supreme Party Tray, 40 oz Plastic Tray"><i class="ld ld-Plus" style="font-size:1.5rem;vertical-align:-0.25em;width:1.5rem;height:1.5rem;box-sizing:content-box" title="add to cart"></i><span class="mr2">Add</span></button></div></div></div><div class="mt5 mb0" style="height:24px" data-testid="variant-14122442"></div><div data-automation-id="product-price" class="flex flex-wrap justify-start items-center lh-title mb1-m"><div class="mr1 mr2-xl b black lh-copy f5 f4-l" aria-hidden="true">$18.48</div><span class="w_iUH7">current price $18.48</span><div class="gray mr1 f7 f6-l">46.6 ¢/oz</div></div><span class=""><span class="w_V_DM" style="-webkit-line-clamp:3;padding-bottom:0em;margin-bottom:-0em"><span data-automation-id="product-title" class="normal dark-gray mb0 mt1 lh-title f6 f5-l">HORMEL GATHERINGS, Salami and Olives with Cheese and Crackers, Deli Supreme Party Tray, 40 oz Plastic Tray</span></span></span><div class="flex items-center mt2"><span class="black inline-flex mr1" data-testid="product-ratings" data-value="4.6"><i class="ld ld-StarFill" style="font-size:12px;vertical-align:-0.175em;width:12px;height:12px;box-sizing:content-box" aria-hidden="true"></i><i class="ld ld-StarFill" style="font-size:12px;vertical-align:-0.175em;width:12px;height:12px;box-sizing:content-box" aria-hidden="true"></i><i class="ld ld-StarFill" style="font-size:12px;vertical-align:-0.175em;width:12px;height:12px;box-sizing:content-box" aria-hidden="true"></i><i class="ld ld-StarFill" style="font-size:12px;vertical-align:-0.175em;width:12px;height:12px;box-sizing:content-box" aria-hidden="true"></i><i class="ld ld-StarHalf" style="font-size:12px;vertical-align:-0.175em;width:12px;height:12px;box-sizing:content-box" aria-hidden="true"></i></span><span class="sans-serif gray f7" aria-hidden="true" data-testid="product-reviews" data-value="386">386</span><span class="w_iUH7">4.6 out of 5 Stars. 386 reviews</span></div><div></div><div class="mb2 mt2"><span class="w_iUH7">Available for Pickup or Delivery</span><span class="w_VbBP w_mFV6 w_I_19 w_3oNC w_AAn7 mr1 mt1 ph1" aria-hidden="true">Pickup</span><span class="w_VbBP w_mFV6 w_I_19 w_3oNC w_AAn7 mr1 mt1 ph1" aria-hidden="true">Delivery</span></div></div></li><li class="flex flex-column items-center pa1 pr2 pb2" data-slide="2"><div role="group" data-item-id="10535982" class="sans-serif mid-gray relative flex flex-column w-100 h-100 hide-child-opacity" data-testid="product-tile-2" aria-label="Product"><a link-identifier="10535982" class="absolute w-100 h-100 z-1 hide-sibling-opacity" target="" href="/ip/HORMEL-GATHERINGS-Pepperoni-with-Cheese-and-Crackers-Deli-Snack-Plastic-Tray-14oz/10535982?athcpid=10535982&amp;athpgid=AthenaContentPage_4740967&amp;athcgid=null&amp;athznid=ItemCarousel_bacb44a7-ed4e-48b4-9eb2-acdb94075ef7_items&amp;athieid=v0&amp;athstid=CS020&amp;athguid=s-SwGJlwQKwJx4-cn3aD3PFfAgOp1Vtd9RFT&amp;athancid=null&amp;athena=true"><span class="w_iUH7"><h3>HORMEL GATHERINGS, Pepperoni with Cheese and Crackers, Deli Snack , Plastic Tray 14oz</h3></span></a><div class="h2 relative mv2"></div><div class="relative"><div class="relative overflow-hidden" style="max-width:226px;height:0;padding-bottom:min(226px, 100%);align-self:center;width:min(226px, 100%)"><img loading="lazy" srcset="https://i5.walmartimages.com/asr/8e3af9d4-95fe-4559-90ea-547533303dc6.bcc80ef7ffc2aa6b84580e56e84dc780.jpeg?odnHeight=226&amp;odnWidth=226&amp;odnBg=FFFFFF 1x, https://i5.walmartimages.com/asr/8e3af9d4-95fe-4559-90ea-547533303dc6.bcc80ef7ffc2aa6b84580e56e84dc780.jpeg?odnHeight=576&amp;odnWidth=576&amp;odnBg=FFFFFF 2x" src="https://i5.walmartimages.com/asr/8e3af9d4-95fe-4559-90ea-547533303dc6.bcc80ef7ffc2aa6b84580e56e84dc780.jpeg?odnHeight=576&amp;odnWidth=576&amp;odnBg=FFFFFF" width="" height="" class="absolute top-0 left-0" data-testid="productTileImage" alt="HORMEL GATHERINGS, Pepperoni with Cheese and Crackers, Deli Snack , Plastic Tray 14oz"/></div><div class="z-2 absolute bottom--1"><div class="relative dib" data-id="10535982"><button class="w_hhLG w_8nsR w_jDfj pointer bn sans-serif b ph2 flex items-center justify-center w-auto shadow-1" type="button" data-pcss-hide="true" data-automation-id="add-to-cart" aria-label="Add to cart - HORMEL GATHERINGS, Pepperoni with Cheese and Crackers, Deli Snack , Plastic Tray 14oz"><i class="ld ld-Plus" style="font-size:1.5rem;vertical-align:-0.25em;width:1.5rem;height:1.5rem;box-sizing:content-box" title="add to cart"></i><span class="mr2">Add</span></button></div></div></div><div class="mt5 mb0" style="height:24px" data-testid="variant-10535982"></div><div data-automation-id="product-price" class="flex flex-wrap justify-start items-center lh-title mb1-m"><div class="mr1 mr2-xl b black lh-copy f5 f4-l" aria-hidden="true">$7.98</div><span class="w_iUH7">current price $7.98</span><div class="gray mr1 f7 f6-l">57.0 ¢/oz</div></div><span class=""><span class="w_V_DM" style="-webkit-line-clamp:3;padding-bottom:0em;margin-bottom:-0em"><span data-automation-id="product-title" class="normal dark-gray mb0 mt1 lh-title f6 f5-l">HORMEL GATHERINGS, Pepperoni with Cheese and Crackers, Deli Snack , Plastic Tray 14oz</span></span></span><div class="flex items-center mt2"><span class="black inline-flex mr1" data-testid="product-ratings" data-value="4.5"><i class="ld ld-StarFill" style="font-size:12px;vertical-align:-0.175em;width:12px;height:12px;box-sizing:content-box" aria-hidden="true"></i><i class="ld ld-StarFill" style="font-size:12px;vertical-align:-0.175em;width:12px;height:12px;box-sizing:content-box" aria-hidden="true"></i><i class="ld ld-StarFill" style="font-size:12px;vertical-align:-0.175em;width:12px;height:12px;box-sizing:content-box" aria-hidden="true"></i><i class="ld ld-StarFill" style="font-size:12px;vertical-align:-0.175em;width:12px;height:12px;box-sizing:content-box" aria-hidden="true"></i><i class="ld ld-StarHalf" style="font-size:12px;vertical-align:-0.175em;width:12px;height:12px;box-sizing:content-box" aria-hidden="true"></i></span><span class="sans-serif gray f7" aria-hidden="true" data-testid="product-reviews" data-value="284">284</span><span class="w_iUH7">4.5 out of 5 Stars. 284 reviews</span></div><div></div><div class="mb2 mt2"><span class="w_iUH7">Available for Pickup or Delivery</span><span class="w_VbBP w_mFV6 w_I_19 w_3oNC w_AAn7 mr1 mt1 ph1" aria-hidden="true">Pickup</span><span class="w_VbBP w_mFV6 w_I_19 w_3oNC w_AAn7 mr1 mt1 ph1" aria-hidden="true">Delivery</span></div></div></li><li class="flex flex-column items-center pa1 pr2 pb2" data-slide="3"><div role="group" data-item-id="10535983" class="sans-serif mid-gray relative flex flex-column w-100 h-100 hide-child-opacity" data-testid="product-tile-3" aria-label="Product"><a link-identifier="10535983" class="absolute w-100 h-100 z-1 hide-sibling-opacity" target="" href="/ip/HORMEL-GATHERINGS-Snack-Tray-Honey-Ham-and-Cheese-14-oz-Tray/10535983?athcpid=10535983&amp;athpgid=AthenaContentPage_4740967&amp;athcgid=null&amp;athznid=ItemCarousel_bacb44a7-ed4e-48b4-9eb2-acdb94075ef7_items&amp;athieid=v0&amp;athstid=CS020&amp;athguid=s-SwGJlwQKwJx4-cn3aD3PFfAgOp1Vtd9RFT&amp;athancid=null&amp;athena=true"><span class="w_iUH7"><h3>HORMEL GATHERINGS Snack Tray Honey Ham and Cheese, 14 oz Tray</h3></span></a><div class="h2 relative mv2"></div><div class="relative"><div class="relative overflow-hidden" style="max-width:226px;height:0;padding-bottom:min(226px, 100%);align-self:center;width:min(226px, 100%)"><img loading="lazy" srcset="https://i5.walmartimages.com/asr/816a796f-55fd-4b0e-a627-ea6401ee916f.934394706475eece3a4c6a5071c84699.jpeg?odnHeight=226&amp;odnWidth=226&amp;odnBg=FFFFFF 1x, https://i5.walmartimages.com/asr/816a796f-55fd-4b0e-a627-ea6401ee916f.934394706475eece3a4c6a5071c84699.jpeg?odnHeight=576&amp;odnWidth=576&amp;odnBg=FFFFFF 2x" src="https://i5.walmartimages.com/asr/816a796f-55fd-4b0e-a627-ea6401ee916f.934394706475eece3a4c6a5071c84699.jpeg?odnHeight=576&amp;odnWidth=576&amp;odnBg=FFFFFF" width="" height="" class="absolute top-0 left-0" data-testid="productTileImage" alt="HORMEL GATHERINGS Snack Tray Honey Ham and Cheese, 14 oz Tray"/></div><div class="z-2 absolute bottom--1"><div class="relative dib" data-id="10535983"><button class="w_hhLG w_8nsR w_jDfj pointer bn sans-serif b ph2 flex items-center justify-center w-auto shadow-1" type="button" data-pcss-hide="true" data-automation-id="add-to-cart" aria-label="Add to cart - HORMEL GATHERINGS Snack Tray Honey Ham and Cheese, 14 oz Tray"><i class="ld ld-Plus" style="font-size:1.5rem;vertical-align:-0.25em;width:1.5rem;height:1.5rem;box-sizing:content-box" title="add to cart"></i><span class="mr2">Add</span></button></div></div></div><div class="mt5 mb0" style="height:24px" data-testid="variant-10535983"></div><div data-automation-id="product-price" class="flex flex-wrap justify-start items-center lh-title mb1-m"><div class="mr1 mr2-xl b black lh-copy f5 f4-l" aria-hidden="true">$7.98</div><span class="w_iUH7">current price $7.98</span><div class="gray mr1 f7 f6-l">57.0 ¢/oz</div></div><span class=""><span class="w_V_DM" style="-webkit-line-clamp:3;padding-bottom:0em;margin-bottom:-0em"><span data-automation-id="product-title" class="normal dark-gray mb0 mt1 lh-title f6 f5-l">HORMEL GATHERINGS Snack Tray Honey Ham and Cheese, 14 oz Tray</span></span></span><div class="flex items-center mt2"><span class="black inline-flex mr1" data-testid="product-ratings" data-value="4.3"><i class="ld ld-StarFill" style="font-size:12px;vertical-align:-0.175em;width:12px;height:12px;box-sizing:content-box" aria-hidden="true"></i><i class="ld ld-StarFill" style="font-size:12px;vertical-align:-0.175em;width:12px;height:12px;box-sizing:content-box" aria-hidden="true"></i><i class="ld ld-StarFill" style="font-size:12px;vertical-align:-0.175em;width:12px;height:12px;box-sizing:content-box" aria-hidden="true"></i><i class="ld ld-StarFill" style="font-size:12px;vertical-align:-0.175em;width:12px;height:12px;box-sizing:content-box" aria-hidden="true"></i><i class="ld ld-StarHalf" style="font-size:12px;vertical-align:-0.175em;width:12px;height:12px;box-sizing:content-box" aria-hidden="true"></i></span><span class="sans-serif gray f7" aria-hidden="true" data-testid="product-reviews" data-value="208">208</span><span class="w_iUH7">4.3 out of 5 Stars. 208 reviews</span></div><div></div><div class="mb2 mt2"><span class="w_iUH7">Available for Pickup or Delivery</span><span class="w_VbBP w_mFV6 w_I_19 w_3oNC w_AAn7 mr1 mt1 ph1" aria-hidden="true">Pickup</span><span class="w_VbBP w_mFV6 w_I_19 w_3oNC w_AAn7 mr1 mt1 ph1" aria-hidden="true">Delivery</span></div></div></li><li class="flex flex-column items-center pa1 pr2 pb2" data-slide="4"><div role="group" data-item-id="14053205" class="sans-serif mid-gray relative flex flex-column w-100 h-100 hide-child-opacity" data-testid="product-tile-4" aria-label="Product"><a link-identifier="14053205" class="absolute w-100 h-100 z-1 hide-sibling-opacity" target="" href="/ip/HORMEL-GATHERINGS-Snack-Tray-Turkey-and-Cheese-14oz-Tray/14053205?athcpid=14053205&amp;athpgid=AthenaContentPage_4740967&amp;athcgid=null&amp;athznid=ItemCarousel_bacb44a7-ed4e-48b4-9eb2-acdb94075ef7_items&amp;athieid=v0&amp;athstid=CS020&amp;athguid=s-SwGJlwQKwJx4-cn3aD3PFfAgOp1Vtd9RFT&amp;athancid=null&amp;athena=true&amp;athbdg=L1600"><span class="w_iUH7"><h3>HORMEL GATHERINGS Snack Tray Turkey and Cheese, 14oz Tray</h3></span></a><div class="h2 relative mv2"><span class="w_VbBP w_mFV6 w_awtt w_3oNC w_3H8O tag-leading-badge absolute">Best seller</span></div><div class="relative"><div class="relative overflow-hidden" style="max-width:226px;height:0;padding-bottom:min(226px, 100%);align-self:center;width:min(226px, 100%)"><img loading="lazy" srcset="https://i5.walmartimages.com/asr/a7e8593a-9f39-48ed-9674-7c629c59ae91.f82f875eb0143dfad95d050b56ca8229.jpeg?odnHeight=226&amp;odnWidth=226&amp;odnBg=FFFFFF 1x, https://i5.walmartimages.com/asr/a7e8593a-9f39-48ed-9674-7c629c59ae91.f82f875eb0143dfad95d050b56ca8229.jpeg?odnHeight=576&amp;odnWidth=576&amp;odnBg=FFFFFF 2x" src="https://i5.walmartimages.com/asr/a7e8593a-9f39-48ed-9674-7c629c59ae91.f82f875eb0143dfad95d050b56ca8229.jpeg?odnHeight=576&amp;odnWidth=576&amp;odnBg=FFFFFF" width="" height="" class="absolute top-0 left-0" data-testid="productTileImage" alt="HORMEL GATHERINGS Snack Tray Turkey and Cheese, 14oz Tray"/></div><div class="z-2 absolute bottom--1"><div class="relative dib" data-id="14053205"><button class="w_hhLG w_8nsR w_jDfj pointer bn sans-serif b ph2 flex items-center justify-center w-auto shadow-1" type="button" data-pcss-hide="true" data-automation-id="add-to-cart" aria-label="Add to cart - HORMEL GATHERINGS Snack Tray Turkey and Cheese, 14oz Tray"><i class="ld ld-Plus" style="font-size:1.5rem;vertical-align:-0.25em;width:1.5rem;height:1.5rem;box-sizing:content-box" title="add to cart"></i><span class="mr2">Add</span></button></div></div></div><div class="mt5 mb0" style="height:24px" data-testid="variant-14053205"></div><div data-automation-id="product-price" class="flex flex-wrap justify-start items-center lh-title mb1-m"><div class="mr1 mr2-xl b black lh-copy f5 f4-l" aria-hidden="true">$7.98</div><span class="w_iUH7">current price $7.98</span><div class="gray mr1 f7 f6-l">56.7 ¢/oz</div></div><span class=""><span class="w_V_DM" style="-webkit-line-clamp:3;padding-bottom:0em;margin-bottom:-0em"><span data-automation-id="product-title" class="normal dark-gray mb0 mt1 lh-title f6 f5-l">HORMEL GATHERINGS Snack Tray Turkey and Cheese, 14oz Tray</span></span></span><div class="flex items-center mt2"><span class="black inline-flex mr1" data-testid="product-ratings" data-value="4.4"><i class="ld ld-StarFill" style="font-size:12px;vertical-align:-0.175em;width:12px;height:12px;box-sizing:content-box" aria-hidden="true"></i><i class="ld ld-StarFill" style="font-size:12px;vertical-align:-0.175em;width:12px;height:12px;box-sizing:content-box" aria-hidden="true"></i><i class="ld ld-StarFill" style="font-size:12px;vertical-align:-0.175em;width:12px;height:12px;box-sizing:content-box" aria-hidden="true"></i><i class="ld ld-StarFill" style="font-size:12px;vertical-align:-0.175em;width:12px;height:12px;box-sizing:content-box" aria-hidden="true"></i><i class="ld ld-StarHalf" style="font-size:12px;vertical-align:-0.175em;width:12px;height:12px;box-sizing:content-box" aria-hidden="true"></i></span><span class="sans-serif gray f7" aria-hidden="true" data-testid="product-reviews" data-value="263">263</span><span class="w_iUH7">4.4 out of 5 Stars. 263 reviews</span></div><div></div><div class="mb2 mt2"><span class="w_iUH7">Available for Pickup or Delivery</span><span class="w_VbBP w_mFV6 w_I_19 w_3oNC w_AAn7 mr1 mt1 ph1" aria-hidden="true">Pickup</span><span class="w_VbBP w_mFV6 w_I_19 w_3oNC w_AAn7 mr1 mt1 ph1" aria-hidden="true">Delivery</span></div></div></li><li class="flex flex-column items-center pa1 pr2 pb2" data-slide="5"><div role="group" data-item-id="106435954" class="sans-serif mid-gray relative flex flex-column w-100 h-100 hide-child-opacity" data-testid="product-tile-5" aria-label="Product"><a link-identifier="106435954" class="absolute w-100 h-100 z-1 hide-sibling-opacity" target="" href="/ip/Bella-Rosa-s-Crafter-s-Choice-Cheddar-Gouda-Havarti-German-Swiss-Cheese-Slice-Variety-Pack-1-lb-Tray/106435954?athcpid=106435954&amp;athpgid=AthenaContentPage_4740967&amp;athcgid=null&amp;athznid=ItemCarousel_bacb44a7-ed4e-48b4-9eb2-acdb94075ef7_items&amp;athieid=v0&amp;athstid=CS020&amp;athguid=s-SwGJlwQKwJx4-cn3aD3PFfAgOp1Vtd9RFT&amp;athancid=null&amp;athena=true"><span class="w_iUH7"><h3>Bella Rosa&#39;s Crafter&#39;s Choice Cheddar, Gouda, Havarti, &amp; German Swiss Cheese Slice Variety Pack, 1 lb Tray</h3></span></a><div class="h2 relative mv2"></div><div class="relative"><div class="relative overflow-hidden" style="max-width:226px;height:0;padding-bottom:min(226px, 100%);align-self:center;width:min(226px, 100%)"><img loading="lazy" srcset="https://i5.walmartimages.com/asr/0a230d70-ca8c-4b9a-b1af-b98ae8b68f90.71b3e8f384e5fe052a9986edcce7ba9b.jpeg?odnHeight=226&amp;odnWidth=226&amp;odnBg=FFFFFF 1x, https://i5.walmartimages.com/asr/0a230d70-ca8c-4b9a-b1af-b98ae8b68f90.71b3e8f384e5fe052a9986edcce7ba9b.jpeg?odnHeight=576&amp;odnWidth=576&amp;odnBg=FFFFFF 2x" src="https://i5.walmartimages.com/asr/0a230d70-ca8c-4b9a-b1af-b98ae8b68f90.71b3e8f384e5fe052a9986edcce7ba9b.jpeg?odnHeight=576&amp;odnWidth=576&amp;odnBg=FFFFFF" width="" height="" class="absolute top-0 left-0" data-testid="productTileImage" alt="Bella Rosa&#39;s Crafter&#39;s Choice Cheddar, Gouda, Havarti, &amp; German Swiss Cheese Slice Variety Pack, 1 lb Tray"/></div><div class="z-2 absolute bottom--1"><div class="relative dib" data-id="106435954"><button class="w_hhLG w_8nsR w_jDfj pointer bn sans-serif b ph2 flex items-center justify-center w-auto shadow-1" type="button" data-pcss-hide="true" data-automation-id="add-to-cart" aria-label="Add to cart - Bella Rosa&#39;s Crafter&#39;s Choice Cheddar, Gouda, Havarti, &amp; German Swiss Cheese Slice Variety Pack, 1 lb Tray"><i class="ld ld-Plus" style="font-size:1.5rem;vertical-align:-0.25em;width:1.5rem;height:1.5rem;box-sizing:content-box" title="add to cart"></i><span class="mr2">Add</span></button></div></div></div><div class="mt5 mb0" style="height:24px" data-testid="variant-106435954"></div><div data-automation-id="product-price" class="flex flex-wrap justify-start items-center lh-title mb1-m"><div class="mr1 mr2-xl b black lh-copy f5 f4-l" aria-hidden="true">$8.98</div><span class="w_iUH7">current price $8.98</span><div class="gray mr1 f7 f6-l">56.1 ¢/oz</div></div><span class=""><span class="w_V_DM" style="-webkit-line-clamp:3;padding-bottom:0em;margin-bottom:-0em"><span data-automation-id="product-title" class="normal dark-gray mb0 mt1 lh-title f6 f5-l">Bella Rosa&#39;s Crafter&#39;s Choice Cheddar, Gouda, Havarti, &amp; German Swiss Cheese Slice Variety Pack, 1 lb Tray</span></span></span><div class="flex items-center mt2"><span class="black inline-flex mr1" data-testid="product-ratings" data-value="4.2"><i class="ld ld-StarFill" style="font-size:12px;vertical-align:-0.175em;width:12px;height:12px;box-sizing:content-box" aria-hidden="true"></i><i class="ld ld-StarFill" style="font-size:12px;vertical-align:-0.175em;width:12px;height:12px;box-sizing:content-box" aria-hidden="true"></i><i class="ld ld-StarFill" style="font-size:12px;vertical-align:-0.175em;width:12px;height:12px;box-sizing:content-box" aria-hidden="true"></i><i class="ld ld-StarFill" style="font-size:12px;vertical-align:-0.175em;width:12px;height:12px;box-sizing:content-box" aria-hidden="true"></i><i class="ld ld-Star" style="font-size:12px;vertical-align:-0.175em;width:12px;height:12px;box-sizing:content-box" aria-hidden="true"></i></span><span class="sans-serif gray f7" aria-hidden="true" data-testid="product-reviews" data-value="30">30</span><span class="w_iUH7">4.2 out of 5 Stars. 30 reviews</span></div><div></div><div class="mb2 mt2"><span class="w_iUH7">Available for Pickup or Delivery</span><span class="w_VbBP w_mFV6 w_I_19 w_3oNC w_AAn7 mr1 mt1 ph1" aria-hidden="true">Pickup</span><span class="w_VbBP w_mFV6 w_I_19 w_3oNC w_AAn7 mr1 mt1 ph1" aria-hidden="true">Delivery</span></div></div></li></ul><a link-identifier="horizontalScrollerNext" class="absolute dn z-5 bg-white br-100 pa0 pointer db-l br-100 nav-control right-1" aria-label="Next slide for Product Carousel list" data-testid="horizontal-scroller-next" role="button"><i class="ld ld-ChevronRight" style="font-size:1.5rem;vertical-align:-0.25em;padding:12px;width:1.5rem;height:1.5rem;box-sizing:content-box"></i></a></div></section></section></div> <div class="mv3 mv4-xl ml3 ml0-l bb b--near-white"><section><section><header class="flex justify-between mb3 mb2-m pr3 pr4-m pr0-xl items-baseline"><section style="flex:1"><div><div><div class="inline-flex "><h2 class="f4 f3-m lh-title ma0 ">Charcuterie for all</h2></div></div></div></section><a link-identifier="Shop all" class="black f6" href="https://www.walmart.com/cp/4740967?povid=976759_itemcarousel_4740967_Charcuterieforall_Shopall_Rweb_Nov_15">Shop all</a></header><div class="flex flex-column justify-center relative" data-testid="horizontal-scroller-Product Carousel"><a link-identifier="horizontalScrollerPrevious" class="absolute dn z-5 bg-white br-100 pa0 pointer hidden-child br-100 nav-control left-1" aria-label="Previous slide for Product Carousel list" data-testid="horizontal-scroller-previous" role="button"><i class="ld ld-ChevronLeft" style="font-size:1.5rem;vertical-align:-0.25em;padding:12px;width:1.5rem;height:1.5rem;box-sizing:content-box"></i></a><ul style="display:grid;grid-auto-flow:column;scroll-snap-type:x mandatory;max-height:fit-content" class="list ma0 pl0 overflow-x-scroll hidesb hidesb-wk relative overflow-y-hidden carousel-peek-2 carousel-6-l carousel-3-m pr3-m" data-testid="carousel-container"><li class="flex flex-column items-center pa1 pr2 pb2" data-slide="0"><div role="group" data-item-id="314637921" class="sans-serif mid-gray relative flex flex-column w-100 h-100 hide-child-opacity" data-testid="product-tile-0" aria-label="Product"><a link-identifier="314637921" class="absolute w-100 h-100 z-1 hide-sibling-opacity" target="" href="/ip/Great-Value-Entertainment-Cracker-Selection-13-1-Oz/314637921"><span class="w_iUH7"><h3>Great Value Entertainment Cracker Selection, 13.1 Oz.</h3></span></a><div class="h2 relative mv2"><span class="w_VbBP w_mFV6 w_awtt w_3oNC w_3H8O tag-leading-badge absolute">Best seller</span></div><div class="relative"><div class="relative overflow-hidden" style="max-width:226px;height:0;padding-bottom:min(226px, 100%);align-self:center;width:min(226px, 100%)"><img loading="lazy" srcset="https://i5.walmartimages.com/seo/Great-Value-Entertainment-Cracker-Selection-13-1-Oz_95539f44-ba0b-47dc-84bb-6957c0ef6a2c.647131c4620e6b2fed44d5be4c21f7a9.jpeg?odnHeight=226&amp;odnWidth=226&amp;odnBg=FFFFFF 1x, https://i5.walmartimages.com/seo/Great-Value-Entertainment-Cracker-Selection-13-1-Oz_95539f44-ba0b-47dc-84bb-6957c0ef6a2c.647131c4620e6b2fed44d5be4c21f7a9.jpeg?odnHeight=576&amp;odnWidth=576&amp;odnBg=FFFFFF 2x" src="https://i5.walmartimages.com/seo/Great-Value-Entertainment-Cracker-Selection-13-1-Oz_95539f44-ba0b-47dc-84bb-6957c0ef6a2c.647131c4620e6b2fed44d5be4c21f7a9.jpeg?odnHeight=576&amp;odnWidth=576&amp;odnBg=FFFFFF" width="" height="" class="absolute top-0 left-0" data-testid="productTileImage" alt="Great Value Entertainment Cracker Selection, 13.1 Oz."/></div><div class="z-2 absolute bottom--1"><div class="relative dib" data-id="314637921"><button class="w_hhLG w_8nsR w_jDfj pointer bn sans-serif b ph2 flex items-center justify-center w-auto shadow-1" type="button" data-pcss-hide="true" data-automation-id="add-to-cart" aria-label="Add to cart - Great Value Entertainment Cracker Selection, 13.1 Oz."><i class="ld ld-Plus" style="font-size:1.5rem;vertical-align:-0.25em;width:1.5rem;height:1.5rem;box-sizing:content-box" title="add to cart"></i><span class="mr2">Add</span></button></div></div></div><div class="mt5 mb0" style="height:24px" data-testid="variant-314637921"></div><div data-automation-id="product-price" class="flex flex-wrap justify-start items-center lh-title mb1-m"><div class="mr1 mr2-xl b black lh-copy f5 f4-l" aria-hidden="true">$4.28</div><span class="w_iUH7">current price $4.28</span><div class="gray mr1 f7 f6-l">32.7 ¢/oz</div></div><span class=""><span class="w_V_DM" style="-webkit-line-clamp:3;padding-bottom:0em;margin-bottom:-0em"><span data-automation-id="product-title" class="normal dark-gray mb0 mt1 lh-title f6 f5-l">Great Value Entertainment Cracker Selection, 13.1 Oz.</span></span></span><div class="flex items-center mt2"><span class="black inline-flex mr1" data-testid="product-ratings" data-value="3.8"><i class="ld ld-StarFill" style="font-size:12px;vertical-align:-0.175em;width:12px;height:12px;box-sizing:content-box" aria-hidden="true"></i><i class="ld ld-StarFill" style="font-size:12px;vertical-align:-0.175em;width:12px;height:12px;box-sizing:content-box" aria-hidden="true"></i><i class="ld ld-StarFill" style="font-size:12px;vertical-align:-0.175em;width:12px;height:12px;box-sizing:content-box" aria-hidden="true"></i><i class="ld ld-StarFill" style="font-size:12px;vertical-align:-0.175em;width:12px;height:12px;box-sizing:content-box" aria-hidden="true"></i><i class="ld ld-Star" style="font-size:12px;vertical-align:-0.175em;width:12px;height:12px;box-sizing:content-box" aria-hidden="true"></i></span><span class="sans-serif gray f7" aria-hidden="true" data-testid="product-reviews" data-value="255">255</span><span class="w_iUH7">3.8 out of 5 Stars. 255 reviews</span></div><div></div><div class="mb2 mt2"><span class="w_iUH7">Available for Pickup or Delivery</span><span class="w_VbBP w_mFV6 w_I_19 w_3oNC w_AAn7 mr1 mt1 ph1" aria-hidden="true">Pickup</span><span class="w_VbBP w_mFV6 w_I_19 w_3oNC w_AAn7 mr1 mt1 ph1" aria-hidden="true">Delivery</span></div></div></li><li class="flex flex-column items-center pa1 pr2 pb2" data-slide="1"><div role="group" data-item-id="240244243" class="sans-serif mid-gray relative flex flex-column w-100 h-100 hide-child-opacity" data-testid="product-tile-1" aria-label="Product"><a link-identifier="240244243" class="absolute w-100 h-100 z-1 hide-sibling-opacity" target="" href="/ip/Great-Value-Cracker-Cuts-Sliced-Colby-Monterey-Jack-Cheese-10-oz/240244243"><span class="w_iUH7"><h3>Great Value Cracker Cuts Sliced Colby &amp; Monterey Jack Cheese, 10 oz</h3></span></a><div class="h2 relative mv2"></div><div class="relative"><div class="relative overflow-hidden" style="max-width:226px;height:0;padding-bottom:min(226px, 100%);align-self:center;width:min(226px, 100%)"><img loading="lazy" srcset="https://i5.walmartimages.com/seo/Great-Value-Cracker-Cuts-Sliced-Colby-Monterey-Jack-Cheese-10-oz_19d1d5dd-907e-4037-a632-f48917945568_1.90a4b13f8036cef9fa90c67075c18e7a.jpeg?odnHeight=226&amp;odnWidth=226&amp;odnBg=FFFFFF 1x, https://i5.walmartimages.com/seo/Great-Value-Cracker-Cuts-Sliced-Colby-Monterey-Jack-Cheese-10-oz_19d1d5dd-907e-4037-a632-f48917945568_1.90a4b13f8036cef9fa90c67075c18e7a.jpeg?odnHeight=576&amp;odnWidth=576&amp;odnBg=FFFFFF 2x" src="https://i5.walmartimages.com/seo/Great-Value-Cracker-Cuts-Sliced-Colby-Monterey-Jack-Cheese-10-oz_19d1d5dd-907e-4037-a632-f48917945568_1.90a4b13f8036cef9fa90c67075c18e7a.jpeg?odnHeight=576&amp;odnWidth=576&amp;odnBg=FFFFFF" width="" height="" class="absolute top-0 left-0" data-testid="productTileImage" alt="Great Value Cracker Cuts Sliced Colby &amp; Monterey Jack Cheese, 10 oz"/></div><div class="z-2 absolute bottom--1"><div class="relative dib" data-id="240244243"><button class="w_hhLG w_8nsR w_jDfj pointer bn sans-serif b ph2 flex items-center justify-center w-auto shadow-1" type="button" data-pcss-hide="true" data-automation-id="add-to-cart" aria-label="Add to cart - Great Value Cracker Cuts Sliced Colby &amp; Monterey Jack Cheese, 10 oz"><i class="ld ld-Plus" style="font-size:1.5rem;vertical-align:-0.25em;width:1.5rem;height:1.5rem;box-sizing:content-box" title="add to cart"></i><span class="mr2">Add</span></button></div></div></div><div class="mt5 mb0" style="height:24px" data-testid="variant-240244243"></div><div data-automation-id="product-price" class="flex flex-wrap justify-start items-center lh-title mb1-m"><div class="mr1 mr2-xl b black lh-copy f5 f4-l" aria-hidden="true">$4.00</div><span class="w_iUH7">current price $4.00</span><div class="gray mr1 f7 f6-l">40.0 ¢/oz</div></div><span class=""><span class="w_V_DM" style="-webkit-line-clamp:3;padding-bottom:0em;margin-bottom:-0em"><span data-automation-id="product-title" class="normal dark-gray mb0 mt1 lh-title f6 f5-l">Great Value Cracker Cuts Sliced Colby &amp; Monterey Jack Cheese, 10 oz</span></span></span><div class="flex items-center mt2"><span class="black inline-flex mr1" data-testid="product-ratings" data-value="3"><i class="ld ld-StarFill" style="font-size:12px;vertical-align:-0.175em;width:12px;height:12px;box-sizing:content-box" aria-hidden="true"></i><i class="ld ld-StarFill" style="font-size:12px;vertical-align:-0.175em;width:12px;height:12px;box-sizing:content-box" aria-hidden="true"></i><i class="ld ld-StarFill" style="font-size:12px;vertical-align:-0.175em;width:12px;height:12px;box-sizing:content-box" aria-hidden="true"></i><i class="ld ld-Star" style="font-size:12px;vertical-align:-0.175em;width:12px;height:12px;box-sizing:content-box" aria-hidden="true"></i><i class="ld ld-Star" style="font-size:12px;vertical-align:-0.175em;width:12px;height:12px;box-sizing:content-box" aria-hidden="true"></i></span><span class="sans-serif gray f7" aria-hidden="true" data-testid="product-reviews" data-value="17">17</span><span class="w_iUH7">3 out of 5 Stars. 17 reviews</span></div><div></div></div></li><li class="flex flex-column items-center pa1 pr2 pb2" data-slide="2"><div role="group" data-item-id="649550932" class="sans-serif mid-gray relative flex flex-column w-100 h-100 hide-child-opacity" data-testid="product-tile-2" aria-label="Product"><a link-identifier="649550932" class="absolute w-100 h-100 z-1 hide-sibling-opacity" target="" href="/ip/Great-Value-Salt-Pepper-Shelled-Pistachios-11-oz/649550932"><span class="w_iUH7"><h3>Great Value Salt &amp; Pepper Shelled Pistachios, 11 oz</h3></span></a><div class="h2 relative mv2"></div><div class="relative"><div class="relative overflow-hidden" style="max-width:226px;height:0;padding-bottom:min(226px, 100%);align-self:center;width:min(226px, 100%)"><img loading="lazy" srcset="https://i5.walmartimages.com/seo/Great-Value-Salt-Pepper-Shelled-Pistachios-11-oz_813e167b-0545-4335-ad6d-4e1723dc8d42.769d7ac597f3d8444ae4b2d467eb2780.jpeg?odnHeight=226&amp;odnWidth=226&amp;odnBg=FFFFFF 1x, https://i5.walmartimages.com/seo/Great-Value-Salt-Pepper-Shelled-Pistachios-11-oz_813e167b-0545-4335-ad6d-4e1723dc8d42.769d7ac597f3d8444ae4b2d467eb2780.jpeg?odnHeight=576&amp;odnWidth=576&amp;odnBg=FFFFFF 2x" src="https://i5.walmartimages.com/seo/Great-Value-Salt-Pepper-Shelled-Pistachios-11-oz_813e167b-0545-4335-ad6d-4e1723dc8d42.769d7ac597f3d8444ae4b2d467eb2780.jpeg?odnHeight=576&amp;odnWidth=576&amp;odnBg=FFFFFF" width="" height="" class="absolute top-0 left-0" data-testid="productTileImage" alt="Great Value Salt &amp; Pepper Shelled Pistachios, 11 oz"/></div><div class="z-2 absolute bottom--1"><div class="relative dib" data-id="649550932"><button class="w_hhLG w_8nsR w_jDfj pointer bn sans-serif b ph2 flex items-center justify-center w-auto shadow-1" type="button" data-pcss-hide="true" data-automation-id="add-to-cart" aria-label="Add to cart - Great Value Salt &amp; Pepper Shelled Pistachios, 11 oz"><i class="ld ld-Plus" style="font-size:1.5rem;vertical-align:-0.25em;width:1.5rem;height:1.5rem;box-sizing:content-box" title="add to cart"></i><span class="mr2">Add</span></button></div></div></div><div class="mt5 mb0" style="height:24px" data-testid="variant-649550932"></div><div data-automation-id="product-price" class="flex flex-wrap justify-start items-center lh-title mb1-m"><div class="mr1 mr2-xl b black lh-copy f5 f4-l" aria-hidden="true">$9.58</div><span class="w_iUH7">current price $9.58</span><div class="gray mr1 f7 f6-l">87.1 ¢/oz</div></div><span class=""><span class="w_V_DM" style="-webkit-line-clamp:3;padding-bottom:0em;margin-bottom:-0em"><span data-automation-id="product-title" class="normal dark-gray mb0 mt1 lh-title f6 f5-l">Great Value Salt &amp; Pepper Shelled Pistachios, 11 oz</span></span></span><div class="flex items-center mt2"><span class="black inline-flex mr1" data-testid="product-ratings" data-value="3.6"><i class="ld ld-StarFill" style="font-size:12px;vertical-align:-0.175em;width:12px;height:12px;box-sizing:content-box" aria-hidden="true"></i><i class="ld ld-StarFill" style="font-size:12px;vertical-align:-0.175em;width:12px;height:12px;box-sizing:content-box" aria-hidden="true"></i><i class="ld ld-StarFill" style="font-size:12px;vertical-align:-0.175em;width:12px;height:12px;box-sizing:content-box" aria-hidden="true"></i><i class="ld ld-StarHalf" style="font-size:12px;vertical-align:-0.175em;width:12px;height:12px;box-sizing:content-box" aria-hidden="true"></i><i class="ld ld-Star" style="font-size:12px;vertical-align:-0.175em;width:12px;height:12px;box-sizing:content-box" aria-hidden="true"></i></span><span class="sans-serif gray f7" aria-hidden="true" data-testid="product-reviews" data-value="8">8</span><span class="w_iUH7">3.6 out of 5 Stars. 8 reviews</span></div><div></div><div class="mb2 mt2"><span class="w_iUH7">Available for Pickup or Delivery</span><span class="w_VbBP w_mFV6 w_I_19 w_3oNC w_AAn7 mr1 mt1 ph1" aria-hidden="true">Pickup</span><span class="w_VbBP w_mFV6 w_I_19 w_3oNC w_AAn7 mr1 mt1 ph1" aria-hidden="true">Delivery</span></div></div></li><li class="flex flex-column items-center pa1 pr2 pb2" data-slide="3"><div role="group" data-item-id="13033150" class="sans-serif mid-gray relative flex flex-column w-100 h-100 hide-child-opacity" data-testid="product-tile-3" aria-label="Product"><a link-identifier="13033150" class="absolute w-100 h-100 z-1 hide-sibling-opacity" target="" href="/ip/Great-Value-Sweetened-Dried-Cranberries-6-oz/13033150"><span class="w_iUH7"><h3>Great Value Sweetened Dried Cranberries, 6 oz</h3></span></a><div class="h2 relative mv2"></div><div class="relative"><div class="relative overflow-hidden" style="max-width:226px;height:0;padding-bottom:min(226px, 100%);align-self:center;width:min(226px, 100%)"><img loading="lazy" srcset="https://i5.walmartimages.com/seo/Great-Value-Sweetened-Dried-Cranberries-6-oz_476f5e66-2b1e-4fc6-9d50-224466ccff10.257edc41f26840d80c445e891317f82f.jpeg?odnHeight=226&amp;odnWidth=226&amp;odnBg=FFFFFF 1x, https://i5.walmartimages.com/seo/Great-Value-Sweetened-Dried-Cranberries-6-oz_476f5e66-2b1e-4fc6-9d50-224466ccff10.257edc41f26840d80c445e891317f82f.jpeg?odnHeight=576&amp;odnWidth=576&amp;odnBg=FFFFFF 2x" src="https://i5.walmartimages.com/seo/Great-Value-Sweetened-Dried-Cranberries-6-oz_476f5e66-2b1e-4fc6-9d50-224466ccff10.257edc41f26840d80c445e891317f82f.jpeg?odnHeight=576&amp;odnWidth=576&amp;odnBg=FFFFFF" width="" height="" class="absolute top-0 left-0" data-testid="productTileImage" alt="Great Value Sweetened Dried Cranberries, 6 oz"/></div><div class="z-2 absolute bottom--1"><div class="relative dib" data-id="13033150"><button class="w_hhLG w_8nsR w_jDfj pointer bn sans-serif b ph2 flex items-center justify-center w-auto shadow-1" type="button" data-pcss-hide="true" data-automation-id="add-to-cart" aria-label="Add to cart - Great Value Sweetened Dried Cranberries, 6 oz"><i class="ld ld-Plus" style="font-size:1.5rem;vertical-align:-0.25em;width:1.5rem;height:1.5rem;box-sizing:content-box" title="add to cart"></i><span class="mr2">Add</span></button></div></div></div><div class="mt5 mb0" style="height:24px" data-testid="variant-13033150"></div><div data-automation-id="product-price" class="flex flex-wrap justify-start items-center lh-title mb1-m"><div class="mr1 mr2-xl b black lh-copy f5 f4-l" aria-hidden="true">$1.96</div><span class="w_iUH7">current price $1.96</span><div class="gray mr1 f7 f6-l">32.7 ¢/oz</div></div><span class=""><span class="w_V_DM" style="-webkit-line-clamp:3;padding-bottom:0em;margin-bottom:-0em"><span data-automation-id="product-title" class="normal dark-gray mb0 mt1 lh-title f6 f5-l">Great Value Sweetened Dried Cranberries, 6 oz</span></span></span><div class="flex items-center mt2"><span class="black inline-flex mr1" data-testid="product-ratings" data-value="4.5"><i class="ld ld-StarFill" style="font-size:12px;vertical-align:-0.175em;width:12px;height:12px;box-sizing:content-box" aria-hidden="true"></i><i class="ld ld-StarFill" style="font-size:12px;vertical-align:-0.175em;width:12px;height:12px;box-sizing:content-box" aria-hidden="true"></i><i class="ld ld-StarFill" style="font-size:12px;vertical-align:-0.175em;width:12px;height:12px;box-sizing:content-box" aria-hidden="true"></i><i class="ld ld-StarFill" style="font-size:12px;vertical-align:-0.175em;width:12px;height:12px;box-sizing:content-box" aria-hidden="true"></i><i class="ld ld-StarHalf" style="font-size:12px;vertical-align:-0.175em;width:12px;height:12px;box-sizing:content-box" aria-hidden="true"></i></span><span class="sans-serif gray f7" aria-hidden="true" data-testid="product-reviews" data-value="138">138</span><span class="w_iUH7">4.5 out of 5 Stars. 138 reviews</span></div><div></div><div class="mb2 mt2"><span class="w_iUH7">Available for Pickup or Delivery</span><span class="w_VbBP w_mFV6 w_I_19 w_3oNC w_AAn7 mr1 mt1 ph1" aria-hidden="true">Pickup</span><span class="w_VbBP w_mFV6 w_I_19 w_3oNC w_AAn7 mr1 mt1 ph1" aria-hidden="true">Delivery</span></div></div></li><li class="flex flex-column items-center pa1 pr2 pb2" data-slide="4"><div role="group" data-item-id="433628197" class="sans-serif mid-gray relative flex flex-column w-100 h-100 hide-child-opacity" data-testid="product-tile-4" aria-label="Product"><a link-identifier="433628197" class="absolute w-100 h-100 z-1 hide-sibling-opacity" target="" href="/ip/Great-Value-Raw-Honey-16-oz-Inverted-Plastic-Bottle/433628197"><span class="w_iUH7"><h3>Great Value Raw Honey, 16 oz Inverted Plastic Bottle</h3></span></a><div class="h2 relative mv2"><span class="w_VbBP w_mFV6 w_awtt w_3oNC w_3H8O tag-leading-badge absolute">Best seller</span></div><div class="relative"><div class="relative overflow-hidden" style="max-width:226px;height:0;padding-bottom:min(226px, 100%);align-self:center;width:min(226px, 100%)"><img loading="lazy" srcset="https://i5.walmartimages.com/seo/Great-Value-Raw-Honey-16-oz-Inverted-Plastic-Bottle_94225e2c-1c91-42a1-8eca-3e980ea0bd5e.dd86070051e915442c3680af6e64b95a.jpeg?odnHeight=226&amp;odnWidth=226&amp;odnBg=FFFFFF 1x, https://i5.walmartimages.com/seo/Great-Value-Raw-Honey-16-oz-Inverted-Plastic-Bottle_94225e2c-1c91-42a1-8eca-3e980ea0bd5e.dd86070051e915442c3680af6e64b95a.jpeg?odnHeight=576&amp;odnWidth=576&amp;odnBg=FFFFFF 2x" src="https://i5.walmartimages.com/seo/Great-Value-Raw-Honey-16-oz-Inverted-Plastic-Bottle_94225e2c-1c91-42a1-8eca-3e980ea0bd5e.dd86070051e915442c3680af6e64b95a.jpeg?odnHeight=576&amp;odnWidth=576&amp;odnBg=FFFFFF" width="" height="" class="absolute top-0 left-0" data-testid="productTileImage" alt="Great Value Raw Honey, 16 oz Inverted Plastic Bottle"/></div><div class="z-2 absolute bottom--1"><div class="relative dib" data-id="433628197"><button class="w_hhLG w_8nsR w_jDfj pointer bn sans-serif b ph2 flex items-center justify-center w-auto shadow-1" type="button" data-pcss-hide="true" data-automation-id="add-to-cart" aria-label="Add to cart - Great Value Raw Honey, 16 oz Inverted Plastic Bottle"><i class="ld ld-Plus" style="font-size:1.5rem;vertical-align:-0.25em;width:1.5rem;height:1.5rem;box-sizing:content-box" title="add to cart"></i><span class="mr2">Add</span></button></div></div></div><div class="mt5 mb0" style="height:24px" data-testid="variant-433628197"></div><div data-automation-id="product-price" class="flex flex-wrap justify-start items-center lh-title mb1-m"><div class="mr1 mr2-xl b black lh-copy f5 f4-l" aria-hidden="true">$6.34</div><span class="w_iUH7">current price $6.34</span><div class="gray mr1 f7 f6-l">39.6 ¢/oz</div></div><span class=""><span class="w_V_DM" style="-webkit-line-clamp:3;padding-bottom:0em;margin-bottom:-0em"><span data-automation-id="product-title" class="normal dark-gray mb0 mt1 lh-title f6 f5-l">Great Value Raw Honey, 16 oz Inverted Plastic Bottle</span></span></span><div class="flex items-center mt2"><span class="black inline-flex mr1" data-testid="product-ratings" data-value="3.3"><i class="ld ld-StarFill" style="font-size:12px;vertical-align:-0.175em;width:12px;height:12px;box-sizing:content-box" aria-hidden="true"></i><i class="ld ld-StarFill" style="font-size:12px;vertical-align:-0.175em;width:12px;height:12px;box-sizing:content-box" aria-hidden="true"></i><i class="ld ld-StarFill" style="font-size:12px;vertical-align:-0.175em;width:12px;height:12px;box-sizing:content-box" aria-hidden="true"></i><i class="ld ld-StarHalf" style="font-size:12px;vertical-align:-0.175em;width:12px;height:12px;box-sizing:content-box" aria-hidden="true"></i><i class="ld ld-Star" style="font-size:12px;vertical-align:-0.175em;width:12px;height:12px;box-sizing:content-box" aria-hidden="true"></i></span><span class="sans-serif gray f7" aria-hidden="true" data-testid="product-reviews" data-value="97">97</span><span class="w_iUH7">3.3 out of 5 Stars. 97 reviews</span></div><div></div><div class="mb2 mt2"><span class="w_iUH7">Available for Pickup or Delivery</span><span class="w_VbBP w_mFV6 w_I_19 w_3oNC w_AAn7 mr1 mt1 ph1" aria-hidden="true">Pickup</span><span class="w_VbBP w_mFV6 w_I_19 w_3oNC w_AAn7 mr1 mt1 ph1" aria-hidden="true">Delivery</span></div></div></li><li class="flex flex-column items-center pa1 pr2 pb2" data-slide="5"><div role="group" data-item-id="10452775" class="sans-serif mid-gray relative flex flex-column w-100 h-100 hide-child-opacity" data-testid="product-tile-5" aria-label="Product"><a link-identifier="10452775" class="absolute w-100 h-100 z-1 hide-sibling-opacity" target="" href="/ip/Great-Value-Pepper-Jack-Cheese-8-oz-Block-Plastic-Packaging/10452775"><span class="w_iUH7"><h3>Great Value Pepper Jack Cheese, 8 oz Block (Plastic Packaging)</h3></span></a><div class="h2 relative mv2"><span class="w_VbBP w_mFV6 w_awtt w_3oNC w_3H8O tag-leading-badge absolute">Best seller</span></div><div class="relative"><div class="relative overflow-hidden" style="max-width:226px;height:0;padding-bottom:min(226px, 100%);align-self:center;width:min(226px, 100%)"><img loading="lazy" srcset="https://i5.walmartimages.com/seo/Great-Value-Pepper-Jack-Cheese-8-oz-Block-Plastic-Packaging_8ff9b181-0b1c-4dbe-b752-8fb8b5f3db3e.6526669959ea1acfdaa96307e76e65fb.jpeg?odnHeight=226&amp;odnWidth=226&amp;odnBg=FFFFFF 1x, https://i5.walmartimages.com/seo/Great-Value-Pepper-Jack-Cheese-8-oz-Block-Plastic-Packaging_8ff9b181-0b1c-4dbe-b752-8fb8b5f3db3e.6526669959ea1acfdaa96307e76e65fb.jpeg?odnHeight=576&amp;odnWidth=576&amp;odnBg=FFFFFF 2x" src="https://i5.walmartimages.com/seo/Great-Value-Pepper-Jack-Cheese-8-oz-Block-Plastic-Packaging_8ff9b181-0b1c-4dbe-b752-8fb8b5f3db3e.6526669959ea1acfdaa96307e76e65fb.jpeg?odnHeight=576&amp;odnWidth=576&amp;odnBg=FFFFFF" width="" height="" class="absolute top-0 left-0" data-testid="productTileImage" alt="Great Value Pepper Jack Cheese, 8 oz Block (Plastic Packaging)"/></div><div class="z-2 absolute bottom--1"><div class="relative dib" data-id="10452775"><button class="w_hhLG w_8nsR w_jDfj pointer bn sans-serif b ph2 flex items-center justify-center w-auto shadow-1" type="button" data-pcss-hide="true" data-automation-id="add-to-cart" aria-label="Add to cart - Great Value Pepper Jack Cheese, 8 oz Block (Plastic Packaging)"><i class="ld ld-Plus" style="font-size:1.5rem;vertical-align:-0.25em;width:1.5rem;height:1.5rem;box-sizing:content-box" title="add to cart"></i><span class="mr2">Add</span></button></div></div></div><div class="mt5 mb0" style="height:24px" data-testid="variant-10452775"></div><div data-automation-id="product-price" class="flex flex-wrap justify-start items-center lh-title mb1-m"><div class="mr1 mr2-xl b black lh-copy f5 f4-l" aria-hidden="true">$2.00</div><span class="w_iUH7">current price $2.00</span><div class="gray mr1 f7 f6-l">25.0 ¢/oz</div></div><span class=""><span class="w_V_DM" style="-webkit-line-clamp:3;padding-bottom:0em;margin-bottom:-0em"><span data-automation-id="product-title" class="normal dark-gray mb0 mt1 lh-title f6 f5-l">Great Value Pepper Jack Cheese, 8 oz Block (Plastic Packaging)</span></span></span><div class="flex items-center mt2"><span class="black inline-flex mr1" data-testid="product-ratings" data-value="3.5"><i class="ld ld-StarFill" style="font-size:12px;vertical-align:-0.175em;width:12px;height:12px;box-sizing:content-box" aria-hidden="true"></i><i class="ld ld-StarFill" style="font-size:12px;vertical-align:-0.175em;width:12px;height:12px;box-sizing:content-box" aria-hidden="true"></i><i class="ld ld-StarFill" style="font-size:12px;vertical-align:-0.175em;width:12px;height:12px;box-sizing:content-box" aria-hidden="true"></i><i class="ld ld-StarHalf" style="font-size:12px;vertical-align:-0.175em;width:12px;height:12px;box-sizing:content-box" aria-hidden="true"></i><i class="ld ld-Star" style="font-size:12px;vertical-align:-0.175em;width:12px;height:12px;box-sizing:content-box" aria-hidden="true"></i></span><span class="sans-serif gray f7" aria-hidden="true" data-testid="product-reviews" data-value="103">103</span><span class="w_iUH7">3.5 out of 5 Stars. 103 reviews</span></div><div></div><div class="mb2 mt2"><span class="w_iUH7">Available for Pickup or Delivery</span><span class="w_VbBP w_mFV6 w_I_19 w_3oNC w_AAn7 mr1 mt1 ph1" aria-hidden="true">Pickup</span><span class="w_VbBP w_mFV6 w_I_19 w_3oNC w_AAn7 mr1 mt1 ph1" aria-hidden="true">Delivery</span></div></div></li><li class="flex flex-column items-center pa1 pr2 pb2" data-slide="6"><div role="group" data-item-id="10452496" class="sans-serif mid-gray relative flex flex-column w-100 h-100 hide-child-opacity" data-testid="product-tile-6" aria-label="Product"><a link-identifier="10452496" class="absolute w-100 h-100 z-1 hide-sibling-opacity" target="" href="/ip/Great-Value-Mild-Cheddar-Cheese-32-oz/10452496"><span class="w_iUH7"><h3>Great Value Mild Cheddar Cheese, 32 oz</h3></span></a><div class="h2 relative mv2"></div><div class="relative"><div class="relative overflow-hidden" style="max-width:226px;height:0;padding-bottom:min(226px, 100%);align-self:center;width:min(226px, 100%)"><img loading="lazy" srcset="https://i5.walmartimages.com/seo/Great-Value-Mild-Cheddar-Cheese-32-oz_0ffaa405-27e8-4de1-964d-8ae25f52fa12.695c834e8503c19b0402865b3e6f197a.jpeg?odnHeight=226&amp;odnWidth=226&amp;odnBg=FFFFFF 1x, https://i5.walmartimages.com/seo/Great-Value-Mild-Cheddar-Cheese-32-oz_0ffaa405-27e8-4de1-964d-8ae25f52fa12.695c834e8503c19b0402865b3e6f197a.jpeg?odnHeight=576&amp;odnWidth=576&amp;odnBg=FFFFFF 2x" src="https://i5.walmartimages.com/seo/Great-Value-Mild-Cheddar-Cheese-32-oz_0ffaa405-27e8-4de1-964d-8ae25f52fa12.695c834e8503c19b0402865b3e6f197a.jpeg?odnHeight=576&amp;odnWidth=576&amp;odnBg=FFFFFF" width="" height="" class="absolute top-0 left-0" data-testid="productTileImage" alt="Great Value Mild Cheddar Cheese, 32 oz"/></div><div class="z-2 absolute bottom--1"><div class="relative dib" data-id="10452496"><button class="w_hhLG w_8nsR w_jDfj pointer bn sans-serif b ph2 flex items-center justify-center w-auto shadow-1" type="button" data-pcss-hide="true" data-automation-id="add-to-cart" aria-label="Add to cart - Great Value Mild Cheddar Cheese, 32 oz"><i class="ld ld-Plus" style="font-size:1.5rem;vertical-align:-0.25em;width:1.5rem;height:1.5rem;box-sizing:content-box" title="add to cart"></i><span class="mr2">Add</span></button></div></div></div><div class="mt5 mb0" style="height:24px" data-testid="variant-10452496"></div><div data-automation-id="product-price" class="flex flex-wrap justify-start items-center lh-title mb1-m"><div class="mr1 mr2-xl b black lh-copy f5 f4-l" aria-hidden="true">$7.32</div><span class="w_iUH7">current price $7.32</span><div class="gray mr1 f7 f6-l">22.9 ¢/oz</div></div><span class=""><span class="w_V_DM" style="-webkit-line-clamp:3;padding-bottom:0em;margin-bottom:-0em"><span data-automation-id="product-title" class="normal dark-gray mb0 mt1 lh-title f6 f5-l">Great Value Mild Cheddar Cheese, 32 oz</span></span></span><div class="flex items-center mt2"><span class="black inline-flex mr1" data-testid="product-ratings" data-value="3.2"><i class="ld ld-StarFill" style="font-size:12px;vertical-align:-0.175em;width:12px;height:12px;box-sizing:content-box" aria-hidden="true"></i><i class="ld ld-StarFill" style="font-size:12px;vertical-align:-0.175em;width:12px;height:12px;box-sizing:content-box" aria-hidden="true"></i><i class="ld ld-StarFill" style="font-size:12px;vertical-align:-0.175em;width:12px;height:12px;box-sizing:content-box" aria-hidden="true"></i><i class="ld ld-Star" style="font-size:12px;vertical-align:-0.175em;width:12px;height:12px;box-sizing:content-box" aria-hidden="true"></i><i class="ld ld-Star" style="font-size:12px;vertical-align:-0.175em;width:12px;height:12px;box-sizing:content-box" aria-hidden="true"></i></span><span class="sans-serif gray f7" aria-hidden="true" data-testid="product-reviews" data-value="53">53</span><span class="w_iUH7">3.2 out of 5 Stars. 53 reviews</span></div><div></div><div class="mb2 mt2"><span class="w_iUH7">Available for Pickup or Delivery</span><span class="w_VbBP w_mFV6 w_I_19 w_3oNC w_AAn7 mr1 mt1 ph1" aria-hidden="true">Pickup</span><span class="w_VbBP w_mFV6 w_I_19 w_3oNC w_AAn7 mr1 mt1 ph1" aria-hidden="true">Delivery</span></div></div></li><li class="flex flex-column items-center pa1 pr2 pb2" data-slide="7"><div role="group" data-item-id="814783251" class="sans-serif mid-gray relative flex flex-column w-100 h-100 hide-child-opacity" data-testid="product-tile-7" aria-label="Product"><a link-identifier="814783251" class="absolute w-100 h-100 z-1 hide-sibling-opacity" target="" href="/ip/Great-Value-Cracker-Cut-Sliced-4-Cheese-Tray-16-oz/814783251"><span class="w_iUH7"><h3>Great Value Cracker Cut Sliced 4 Cheese Tray, 16 oz</h3></span></a><div class="h2 relative mv2"></div><div class="relative"><div class="relative overflow-hidden" style="max-width:226px;height:0;padding-bottom:min(226px, 100%);align-self:center;width:min(226px, 100%)"><img loading="lazy" srcset="https://i5.walmartimages.com/seo/Great-Value-Cracker-Cut-Sliced-4-Cheese-Tray-16-oz_b23bdd6a-5482-4fa9-b590-661834d05d9d_1.ea3f8b6b22bd0228aa3a10088784fff7.jpeg?odnHeight=226&amp;odnWidth=226&amp;odnBg=FFFFFF 1x, https://i5.walmartimages.com/seo/Great-Value-Cracker-Cut-Sliced-4-Cheese-Tray-16-oz_b23bdd6a-5482-4fa9-b590-661834d05d9d_1.ea3f8b6b22bd0228aa3a10088784fff7.jpeg?odnHeight=576&amp;odnWidth=576&amp;odnBg=FFFFFF 2x" src="https://i5.walmartimages.com/seo/Great-Value-Cracker-Cut-Sliced-4-Cheese-Tray-16-oz_b23bdd6a-5482-4fa9-b590-661834d05d9d_1.ea3f8b6b22bd0228aa3a10088784fff7.jpeg?odnHeight=576&amp;odnWidth=576&amp;odnBg=FFFFFF" width="" height="" class="absolute top-0 left-0" data-testid="productTileImage" alt="Great Value Cracker Cut Sliced 4 Cheese Tray, 16 oz"/></div><div class="z-2 absolute bottom--1"><div class="relative dib" data-id="814783251"><button class="w_hhLG w_8nsR w_jDfj pointer bn sans-serif b ph2 flex items-center justify-center w-auto shadow-1" type="button" data-pcss-hide="true" data-automation-id="add-to-cart" aria-label="Add to cart - Great Value Cracker Cut Sliced 4 Cheese Tray, 16 oz"><i class="ld ld-Plus" style="font-size:1.5rem;vertical-align:-0.25em;width:1.5rem;height:1.5rem;box-sizing:content-box" title="add to cart"></i><span class="mr2">Add</span></button></div></div></div><div class="mt5 mb0" style="height:24px" data-testid="variant-814783251"></div><div data-automation-id="product-price" class="flex flex-wrap justify-start items-center lh-title mb1-m"><div class="mr1 mr2-xl b black lh-copy f5 f4-l" aria-hidden="true">$4.98</div><span class="w_iUH7">current price $4.98</span><div class="gray mr1 f7 f6-l">31.1 ¢/oz</div></div><span class=""><span class="w_V_DM" style="-webkit-line-clamp:3;padding-bottom:0em;margin-bottom:-0em"><span data-automation-id="product-title" class="normal dark-gray mb0 mt1 lh-title f6 f5-l">Great Value Cracker Cut Sliced 4 Cheese Tray, 16 oz</span></span></span><div class="flex items-center mt2"><span class="black inline-flex mr1" data-testid="product-ratings" data-value="3.6"><i class="ld ld-StarFill" style="font-size:12px;vertical-align:-0.175em;width:12px;height:12px;box-sizing:content-box" aria-hidden="true"></i><i class="ld ld-StarFill" style="font-size:12px;vertical-align:-0.175em;width:12px;height:12px;box-sizing:content-box" aria-hidden="true"></i><i class="ld ld-StarFill" style="font-size:12px;vertical-align:-0.175em;width:12px;height:12px;box-sizing:content-box" aria-hidden="true"></i><i class="ld ld-StarHalf" style="font-size:12px;vertical-align:-0.175em;width:12px;height:12px;box-sizing:content-box" aria-hidden="true"></i><i class="ld ld-Star" style="font-size:12px;vertical-align:-0.175em;width:12px;height:12px;box-sizing:content-box" aria-hidden="true"></i></span><span class="sans-serif gray f7" aria-hidden="true" data-testid="product-reviews" data-value="112">112</span><span class="w_iUH7">3.6 out of 5 Stars. 112 reviews</span></div><div></div><div class="mb2 mt2"><span class="w_iUH7">Available for Pickup or Delivery</span><span class="w_VbBP w_mFV6 w_I_19 w_3oNC w_AAn7 mr1 mt1 ph1" aria-hidden="true">Pickup</span><span class="w_VbBP w_mFV6 w_I_19 w_3oNC w_AAn7 mr1 mt1 ph1" aria-hidden="true">Delivery</span></div></div></li><li class="flex flex-column items-center pa1 pr2 pb2" data-slide="8"><div role="group" data-item-id="40495518" class="sans-serif mid-gray relative flex flex-column w-100 h-100 hide-child-opacity" data-testid="product-tile-8" aria-label="Product"><a link-identifier="40495518" class="absolute w-100 h-100 z-1 hide-sibling-opacity" target="" href="/ip/Great-Value-Original-Pepperoni-Slices-6-oz/40495518"><span class="w_iUH7"><h3>Great Value Original Pepperoni Slices, 6 oz</h3></span></a><div class="h2 relative mv2"><span class="w_VbBP w_mFV6 w_awtt w_3oNC w_3H8O tag-leading-badge absolute">Best seller</span></div><div class="relative"><div class="relative overflow-hidden" style="max-width:226px;height:0;padding-bottom:min(226px, 100%);align-self:center;width:min(226px, 100%)"><img loading="lazy" srcset="https://i5.walmartimages.com/seo/Great-Value-Original-Pepperoni-Slices-6-oz_6bfb791e-84a7-48b8-bdf1-7d824c2831a8.b63b7ad403c501a06ac8fcf7db135cc2.jpeg?odnHeight=226&amp;odnWidth=226&amp;odnBg=FFFFFF 1x, https://i5.walmartimages.com/seo/Great-Value-Original-Pepperoni-Slices-6-oz_6bfb791e-84a7-48b8-bdf1-7d824c2831a8.b63b7ad403c501a06ac8fcf7db135cc2.jpeg?odnHeight=576&amp;odnWidth=576&amp;odnBg=FFFFFF 2x" src="https://i5.walmartimages.com/seo/Great-Value-Original-Pepperoni-Slices-6-oz_6bfb791e-84a7-48b8-bdf1-7d824c2831a8.b63b7ad403c501a06ac8fcf7db135cc2.jpeg?odnHeight=576&amp;odnWidth=576&amp;odnBg=FFFFFF" width="" height="" class="absolute top-0 left-0" data-testid="productTileImage" alt="Great Value Original Pepperoni Slices, 6 oz"/></div><div class="z-2 absolute bottom--1"><div class="relative dib" data-id="40495518"><button class="w_hhLG w_8nsR w_jDfj pointer bn sans-serif b ph2 flex items-center justify-center w-auto shadow-1" type="button" data-pcss-hide="true" data-automation-id="add-to-cart" aria-label="Add to cart - Great Value Original Pepperoni Slices, 6 oz"><i class="ld ld-Plus" style="font-size:1.5rem;vertical-align:-0.25em;width:1.5rem;height:1.5rem;box-sizing:content-box" title="add to cart"></i><span class="mr2">Add</span></button></div></div></div><div class="mt5 mb0" style="height:24px" data-testid="variant-40495518"></div><div data-automation-id="product-price" class="flex flex-wrap justify-start items-center lh-title mb1-m"><div class="mr1 mr2-xl b black lh-copy f5 f4-l" aria-hidden="true">$2.58</div><span class="w_iUH7">current price $2.58</span><div class="gray mr1 f7 f6-l">$6.79/lb</div></div><span class=""><span class="w_V_DM" style="-webkit-line-clamp:3;padding-bottom:0em;margin-bottom:-0em"><span data-automation-id="product-title" class="normal dark-gray mb0 mt1 lh-title f6 f5-l">Great Value Original Pepperoni Slices, 6 oz</span></span></span><div></div><div class="mb2 mt2"><span class="w_iUH7">Available for Pickup or Delivery</span><span class="w_VbBP w_mFV6 w_I_19 w_3oNC w_AAn7 mr1 mt1 ph1" aria-hidden="true">Pickup</span><span class="w_VbBP w_mFV6 w_I_19 w_3oNC w_AAn7 mr1 mt1 ph1" aria-hidden="true">Delivery</span></div></div></li><li class="flex flex-column items-center pa1 pr2 pb2" data-slide="9"><div role="group" data-item-id="482926313" class="sans-serif mid-gray relative flex flex-column w-100 h-100 hide-child-opacity" data-testid="product-tile-9" aria-label="Product"><a link-identifier="482926313" class="absolute w-100 h-100 z-1 hide-sibling-opacity" target="" href="/ip/Prima-Della-Hard-Salami-Pre-Sliced/482926313"><span class="w_iUH7"><h3>Prima Della Hard Salami, Pre-Sliced</h3></span></a><div class="h2 relative mv2"></div><div class="relative"><div class="relative overflow-hidden" style="max-width:226px;height:0;padding-bottom:min(226px, 100%);align-self:center;width:min(226px, 100%)"><img loading="lazy" srcset="https://i5.walmartimages.com/seo/Prima-Della-Hard-Salami-Pre-Sliced_1dd26e7d-e983-4e61-81a1-f73717e7e87f.6e120bab9d95e30a36868d91fa5be3e1.jpeg?odnHeight=226&amp;odnWidth=226&amp;odnBg=FFFFFF 1x, https://i5.walmartimages.com/seo/Prima-Della-Hard-Salami-Pre-Sliced_1dd26e7d-e983-4e61-81a1-f73717e7e87f.6e120bab9d95e30a36868d91fa5be3e1.jpeg?odnHeight=576&amp;odnWidth=576&amp;odnBg=FFFFFF 2x" src="https://i5.walmartimages.com/seo/Prima-Della-Hard-Salami-Pre-Sliced_1dd26e7d-e983-4e61-81a1-f73717e7e87f.6e120bab9d95e30a36868d91fa5be3e1.jpeg?odnHeight=576&amp;odnWidth=576&amp;odnBg=FFFFFF" width="" height="" class="absolute top-0 left-0" data-testid="productTileImage" alt="Prima Della Hard Salami, Pre-Sliced"/></div><div class="z-2 absolute bottom--1"><div class="relative dib" data-id="482926313"><button class="w_hhLG w_8nsR w_jDfj pointer bn sans-serif b ph2 flex items-center justify-center w-auto shadow-1" type="button" data-pcss-hide="true" data-automation-id="add-to-cart" aria-label="Add to cart - Prima Della Hard Salami, Pre-Sliced"><i class="ld ld-Plus" style="font-size:1.5rem;vertical-align:-0.25em;width:1.5rem;height:1.5rem;box-sizing:content-box" title="add to cart"></i><span class="mr2">Add</span></button></div></div></div><div class="mt5 mb0" style="height:24px" data-testid="variant-482926313"></div><div data-automation-id="product-price" class="flex flex-wrap justify-start items-center lh-title mb1-m"><div class="mr1 mr2-xl b black lh-copy f5 f4-l" aria-hidden="true">$4.39</div><span class="w_iUH7">current price $4.39</span><div class="gray f7 f6-l"><span class="mr3"> avg price<!-- --> </span></div><div class="gray mr1 f7 f6-l">54.8 ¢/lb</div></div><span class=""><span class="w_V_DM" style="-webkit-line-clamp:3;padding-bottom:0em;margin-bottom:-0em"><span data-automation-id="product-title" class="normal dark-gray mb0 mt1 lh-title f6 f5-l">Prima Della Hard Salami, Pre-Sliced</span></span></span><div></div><div class="mb2 mt2"><span class="w_iUH7">Available for Pickup or Delivery</span><span class="w_VbBP w_mFV6 w_I_19 w_3oNC w_AAn7 mr1 mt1 ph1" aria-hidden="true">Pickup</span><span class="w_VbBP w_mFV6 w_I_19 w_3oNC w_AAn7 mr1 mt1 ph1" aria-hidden="true">Delivery</span></div></div></li><li class="flex flex-column items-center pa1 pr2 pb2" data-slide="10"><div role="group" data-item-id="10315444" class="sans-serif mid-gray relative flex flex-column w-100 h-100 hide-child-opacity" data-testid="product-tile-10" aria-label="Product"><a link-identifier="10315444" class="absolute w-100 h-100 z-1 hide-sibling-opacity" target="" href="/ip/Great-Value-Large-Pitted-Black-Olives-6-oz/10315444"><span class="w_iUH7"><h3>Great Value Large Pitted Black Olives, 6 oz</h3></span></a><div class="h2 relative mv2"><span class="w_VbBP w_mFV6 w_awtt w_3oNC w_3H8O tag-leading-badge absolute">Best seller</span></div><div class="relative"><div class="relative overflow-hidden" style="max-width:226px;height:0;padding-bottom:min(226px, 100%);align-self:center;width:min(226px, 100%)"><img loading="lazy" srcset="https://i5.walmartimages.com/seo/Great-Value-Large-Pitted-Black-Olives-6-oz_9cfdd202-142f-41af-810f-be820c179b4c.87fc95d34b31d777060ba2a53fdf3855.jpeg?odnHeight=226&amp;odnWidth=226&amp;odnBg=FFFFFF 1x, https://i5.walmartimages.com/seo/Great-Value-Large-Pitted-Black-Olives-6-oz_9cfdd202-142f-41af-810f-be820c179b4c.87fc95d34b31d777060ba2a53fdf3855.jpeg?odnHeight=576&amp;odnWidth=576&amp;odnBg=FFFFFF 2x" src="https://i5.walmartimages.com/seo/Great-Value-Large-Pitted-Black-Olives-6-oz_9cfdd202-142f-41af-810f-be820c179b4c.87fc95d34b31d777060ba2a53fdf3855.jpeg?odnHeight=576&amp;odnWidth=576&amp;odnBg=FFFFFF" width="" height="" class="absolute top-0 left-0" data-testid="productTileImage" alt="Great Value Large Pitted Black Olives, 6 oz"/></div><div class="z-2 absolute bottom--1"><div class="relative dib" data-id="10315444"><button class="w_hhLG w_8nsR w_jDfj pointer bn sans-serif b ph2 flex items-center justify-center w-auto shadow-1" type="button" data-pcss-hide="true" data-automation-id="add-to-cart" aria-label="Add to cart - Great Value Large Pitted Black Olives, 6 oz"><i class="ld ld-Plus" style="font-size:1.5rem;vertical-align:-0.25em;width:1.5rem;height:1.5rem;box-sizing:content-box" title="add to cart"></i><span class="mr2">Add</span></button></div></div></div><div class="mt5 mb0" style="height:24px" data-testid="variant-10315444"></div><div data-automation-id="product-price" class="flex flex-wrap justify-start items-center lh-title mb1-m"><div class="mr1 mr2-xl b black lh-copy f5 f4-l" aria-hidden="true">$1.94</div><span class="w_iUH7">current price $1.94</span><div class="gray mr1 f7 f6-l">32.3 ¢/oz</div></div><span class=""><span class="w_V_DM" style="-webkit-line-clamp:3;padding-bottom:0em;margin-bottom:-0em"><span data-automation-id="product-title" class="normal dark-gray mb0 mt1 lh-title f6 f5-l">Great Value Large Pitted Black Olives, 6 oz</span></span></span><div class="flex items-center mt2"><span class="black inline-flex mr1" data-testid="product-ratings" data-value="3.7"><i class="ld ld-StarFill" style="font-size:12px;vertical-align:-0.175em;width:12px;height:12px;box-sizing:content-box" aria-hidden="true"></i><i class="ld ld-StarFill" style="font-size:12px;vertical-align:-0.175em;width:12px;height:12px;box-sizing:content-box" aria-hidden="true"></i><i class="ld ld-StarFill" style="font-size:12px;vertical-align:-0.175em;width:12px;height:12px;box-sizing:content-box" aria-hidden="true"></i><i class="ld ld-StarHalf" style="font-size:12px;vertical-align:-0.175em;width:12px;height:12px;box-sizing:content-box" aria-hidden="true"></i><i class="ld ld-Star" style="font-size:12px;vertical-align:-0.175em;width:12px;height:12px;box-sizing:content-box" aria-hidden="true"></i></span><span class="sans-serif gray f7" aria-hidden="true" data-testid="product-reviews" data-value="221">221</span><span class="w_iUH7">3.7 out of 5 Stars. 221 reviews</span></div><div></div><div class="mb2 mt2"><span class="w_iUH7">Available for Pickup or Delivery</span><span class="w_VbBP w_mFV6 w_I_19 w_3oNC w_AAn7 mr1 mt1 ph1" aria-hidden="true">Pickup</span><span class="w_VbBP w_mFV6 w_I_19 w_3oNC w_AAn7 mr1 mt1 ph1" aria-hidden="true">Delivery</span></div></div></li><li class="flex flex-column items-center pa1 pr2 pb2" data-slide="11"><div role="group" data-item-id="341961600" class="sans-serif mid-gray relative flex flex-column w-100 h-100 hide-child-opacity" data-testid="product-tile-11" aria-label="Product"><a link-identifier="341961600" class="absolute w-100 h-100 z-1 hide-sibling-opacity" target="" href="/ip/Freshness-Guaranteed-Dark-Chocolate-Almonds-12-5-oz/341961600"><span class="w_iUH7"><h3>Freshness Guaranteed Dark Chocolate Almonds, 12.5 oz</h3></span></a><div class="h2 relative mv2"><span class="w_VbBP w_mFV6 w_awtt w_3oNC w_3H8O tag-leading-badge absolute">Best seller</span></div><div class="relative"><div class="relative overflow-hidden" style="max-width:226px;height:0;padding-bottom:min(226px, 100%);align-self:center;width:min(226px, 100%)"><img loading="lazy" srcset="https://i5.walmartimages.com/seo/Freshness-Guaranteed-Dark-Chocolate-Almonds-12-5-oz_1573c306-cdf3-40cf-aa63-dda9f2e357de.c8455a34cc3eeb3cc81571594882a535.jpeg?odnHeight=226&amp;odnWidth=226&amp;odnBg=FFFFFF 1x, https://i5.walmartimages.com/seo/Freshness-Guaranteed-Dark-Chocolate-Almonds-12-5-oz_1573c306-cdf3-40cf-aa63-dda9f2e357de.c8455a34cc3eeb3cc81571594882a535.jpeg?odnHeight=576&amp;odnWidth=576&amp;odnBg=FFFFFF 2x" src="https://i5.walmartimages.com/seo/Freshness-Guaranteed-Dark-Chocolate-Almonds-12-5-oz_1573c306-cdf3-40cf-aa63-dda9f2e357de.c8455a34cc3eeb3cc81571594882a535.jpeg?odnHeight=576&amp;odnWidth=576&amp;odnBg=FFFFFF" width="" height="" class="absolute top-0 left-0" data-testid="productTileImage" alt="Freshness Guaranteed Dark Chocolate Almonds, 12.5 oz"/></div><div class="z-2 absolute bottom--1"><div class="relative dib" data-id="341961600"><button class="w_hhLG w_8nsR w_jDfj pointer bn sans-serif b ph2 flex items-center justify-center w-auto shadow-1" type="button" data-pcss-hide="true" data-automation-id="add-to-cart" aria-label="Add to cart - Freshness Guaranteed Dark Chocolate Almonds, 12.5 oz"><i class="ld ld-Plus" style="font-size:1.5rem;vertical-align:-0.25em;width:1.5rem;height:1.5rem;box-sizing:content-box" title="add to cart"></i><span class="mr2">Add</span></button></div></div></div><div class="mt5 mb0" style="height:24px" data-testid="variant-341961600"></div><div data-automation-id="product-price" class="flex flex-wrap justify-start items-center lh-title mb1-m"><div class="mr1 mr2-xl b black lh-copy f5 f4-l" aria-hidden="true">$5.98</div><span class="w_iUH7">current price $5.98</span><div class="gray mr1 f7 f6-l">47.8 ¢/oz</div></div><span class=""><span class="w_V_DM" style="-webkit-line-clamp:3;padding-bottom:0em;margin-bottom:-0em"><span data-automation-id="product-title" class="normal dark-gray mb0 mt1 lh-title f6 f5-l">Freshness Guaranteed Dark Chocolate Almonds, 12.5 oz</span></span></span><div class="flex items-center mt2"><span class="black inline-flex mr1" data-testid="product-ratings" data-value="3.8"><i class="ld ld-StarFill" style="font-size:12px;vertical-align:-0.175em;width:12px;height:12px;box-sizing:content-box" aria-hidden="true"></i><i class="ld ld-StarFill" style="font-size:12px;vertical-align:-0.175em;width:12px;height:12px;box-sizing:content-box" aria-hidden="true"></i><i class="ld ld-StarFill" style="font-size:12px;vertical-align:-0.175em;width:12px;height:12px;box-sizing:content-box" aria-hidden="true"></i><i class="ld ld-StarFill" style="font-size:12px;vertical-align:-0.175em;width:12px;height:12px;box-sizing:content-box" aria-hidden="true"></i><i class="ld ld-Star" style="font-size:12px;vertical-align:-0.175em;width:12px;height:12px;box-sizing:content-box" aria-hidden="true"></i></span><span class="sans-serif gray f7" aria-hidden="true" data-testid="product-reviews" data-value="79">79</span><span class="w_iUH7">3.8 out of 5 Stars. 79 reviews</span></div><div></div><div class="mb2 mt2"><span class="w_iUH7">Available for Pickup, Delivery or 1-day shipping</span><span class="w_VbBP w_mFV6 w_I_19 w_3oNC w_AAn7 mr1 mt1 ph1" aria-hidden="true">Pickup</span><span class="w_VbBP w_mFV6 w_I_19 w_3oNC w_AAn7 mr1 mt1 ph1" aria-hidden="true">Delivery</span><span class="w_VbBP w_mFV6 w_I_19 w_3oNC w_AAn7 mr1 mt1 ph1" aria-hidden="true">1-day shipping</span></div></div></li><li class="flex flex-column items-center pa1 pr2 pb2" data-slide="12"><div role="group" data-item-id="10452510" class="sans-serif mid-gray relative flex flex-column w-100 h-100 hide-child-opacity" data-testid="product-tile-12" aria-label="Product"><a link-identifier="10452510" class="absolute w-100 h-100 z-1 hide-sibling-opacity" target="" href="/ip/Great-Value-Cubed-Colby-Monterey-Jack-Cheese-8-oz-Bag-Plastic-Packaging/10452510"><span class="w_iUH7"><h3>Great Value Cubed Colby &amp; Monterey Jack Cheese, 8 oz Bag (Plastic Packaging)</h3></span></a><div class="h2 relative mv2"><span class="w_VbBP w_mFV6 w_awtt w_3oNC w_3H8O tag-leading-badge absolute">Best seller</span></div><div class="relative"><div class="relative overflow-hidden" style="max-width:226px;height:0;padding-bottom:min(226px, 100%);align-self:center;width:min(226px, 100%)"><img loading="lazy" srcset="https://i5.walmartimages.com/seo/Great-Value-Cubed-Colby-Monterey-Jack-Cheese-8-oz-Bag-Plastic-Packaging_369e6943-529b-4e71-bfdc-e576d4f0b2fe.ace66b6a449b3cdf5cf11e79e8a72957.jpeg?odnHeight=226&amp;odnWidth=226&amp;odnBg=FFFFFF 1x, https://i5.walmartimages.com/seo/Great-Value-Cubed-Colby-Monterey-Jack-Cheese-8-oz-Bag-Plastic-Packaging_369e6943-529b-4e71-bfdc-e576d4f0b2fe.ace66b6a449b3cdf5cf11e79e8a72957.jpeg?odnHeight=576&amp;odnWidth=576&amp;odnBg=FFFFFF 2x" src="https://i5.walmartimages.com/seo/Great-Value-Cubed-Colby-Monterey-Jack-Cheese-8-oz-Bag-Plastic-Packaging_369e6943-529b-4e71-bfdc-e576d4f0b2fe.ace66b6a449b3cdf5cf11e79e8a72957.jpeg?odnHeight=576&amp;odnWidth=576&amp;odnBg=FFFFFF" width="" height="" class="absolute top-0 left-0" data-testid="productTileImage" alt="Great Value Cubed Colby &amp; Monterey Jack Cheese, 8 oz Bag (Plastic Packaging)"/></div><div class="z-2 absolute bottom--1"><div class="relative dib" data-id="10452510"><button class="w_hhLG w_8nsR w_jDfj pointer bn sans-serif b ph2 flex items-center justify-center w-auto shadow-1" type="button" data-pcss-hide="true" data-automation-id="add-to-cart" aria-label="Add to cart - Great Value Cubed Colby &amp; Monterey Jack Cheese, 8 oz Bag (Plastic Packaging)"><i class="ld ld-Plus" style="font-size:1.5rem;vertical-align:-0.25em;width:1.5rem;height:1.5rem;box-sizing:content-box" title="add to cart"></i><span class="mr2">Add</span></button></div></div></div><div class="mt5 mb0" style="height:24px" data-testid="variant-10452510"></div><div data-automation-id="product-price" class="flex flex-wrap justify-start items-center lh-title mb1-m"><div class="mr1 mr2-xl b black lh-copy f5 f4-l" aria-hidden="true">$2.37</div><span class="w_iUH7">current price $2.37</span><div class="gray mr1 f7 f6-l">29.6 ¢/oz</div></div><span class=""><span class="w_V_DM" style="-webkit-line-clamp:3;padding-bottom:0em;margin-bottom:-0em"><span data-automation-id="product-title" class="normal dark-gray mb0 mt1 lh-title f6 f5-l">Great Value Cubed Colby &amp; Monterey Jack Cheese, 8 oz Bag (Plastic Packaging)</span></span></span><div class="flex items-center mt2"><span class="black inline-flex mr1" data-testid="product-ratings" data-value="3.2"><i class="ld ld-StarFill" style="font-size:12px;vertical-align:-0.175em;width:12px;height:12px;box-sizing:content-box" aria-hidden="true"></i><i class="ld ld-StarFill" style="font-size:12px;vertical-align:-0.175em;width:12px;height:12px;box-sizing:content-box" aria-hidden="true"></i><i class="ld ld-StarFill" style="font-size:12px;vertical-align:-0.175em;width:12px;height:12px;box-sizing:content-box" aria-hidden="true"></i><i class="ld ld-Star" style="font-size:12px;vertical-align:-0.175em;width:12px;height:12px;box-sizing:content-box" aria-hidden="true"></i><i class="ld ld-Star" style="font-size:12px;vertical-align:-0.175em;width:12px;height:12px;box-sizing:content-box" aria-hidden="true"></i></span><span class="sans-serif gray f7" aria-hidden="true" data-testid="product-reviews" data-value="127">127</span><span class="w_iUH7">3.2 out of 5 Stars. 127 reviews</span></div><div></div><div class="mb2 mt2"><span class="w_iUH7">Available for Pickup or Delivery</span><span class="w_VbBP w_mFV6 w_I_19 w_3oNC w_AAn7 mr1 mt1 ph1" aria-hidden="true">Pickup</span><span class="w_VbBP w_mFV6 w_I_19 w_3oNC w_AAn7 mr1 mt1 ph1" aria-hidden="true">Delivery</span></div></div></li><li class="flex flex-column items-center pa1 pr2 pb2" data-slide="13"><div role="group" data-item-id="52196662" class="sans-serif mid-gray relative flex flex-column w-100 h-100 hide-child-opacity" data-testid="product-tile-13" aria-label="Product"><a link-identifier="52196662" class="absolute w-100 h-100 z-1 hide-sibling-opacity" target="" href="/ip/Marketside-French-Baguette-Bread-Bake-at-Home-10oz-Bag/52196662"><span class="w_iUH7"><h3>Marketside French Baguette Bread, Bake at Home, 10oz, Bag</h3></span></a><div class="h2 relative mv2"><span class="w_VbBP w_mFV6 w_awtt w_3oNC w_3H8O tag-leading-badge absolute">Best seller</span></div><div class="relative"><div class="relative overflow-hidden" style="max-width:226px;height:0;padding-bottom:min(226px, 100%);align-self:center;width:min(226px, 100%)"><img loading="lazy" srcset="https://i5.walmartimages.com/seo/Marketside-French-Baguette-Bread-Bake-at-Home-10oz-Bag_5f59480c-afa2-49e3-b435-de20f8f442f3.96ba6515cbf48ca81a51d12b2febb01b.jpeg?odnHeight=226&amp;odnWidth=226&amp;odnBg=FFFFFF 1x, https://i5.walmartimages.com/seo/Marketside-French-Baguette-Bread-Bake-at-Home-10oz-Bag_5f59480c-afa2-49e3-b435-de20f8f442f3.96ba6515cbf48ca81a51d12b2febb01b.jpeg?odnHeight=576&amp;odnWidth=576&amp;odnBg=FFFFFF 2x" src="https://i5.walmartimages.com/seo/Marketside-French-Baguette-Bread-Bake-at-Home-10oz-Bag_5f59480c-afa2-49e3-b435-de20f8f442f3.96ba6515cbf48ca81a51d12b2febb01b.jpeg?odnHeight=576&amp;odnWidth=576&amp;odnBg=FFFFFF" width="" height="" class="absolute top-0 left-0" data-testid="productTileImage" alt="Marketside French Baguette Bread, Bake at Home, 10oz, Bag"/></div><div class="z-2 absolute bottom--1"><div class="relative dib" data-id="52196662"><button class="w_hhLG w_8nsR w_jDfj pointer bn sans-serif b ph2 flex items-center justify-center w-auto shadow-1" type="button" data-pcss-hide="true" data-automation-id="add-to-cart" aria-label="Add to cart - Marketside French Baguette Bread, Bake at Home, 10oz, Bag"><i class="ld ld-Plus" style="font-size:1.5rem;vertical-align:-0.25em;width:1.5rem;height:1.5rem;box-sizing:content-box" title="add to cart"></i><span class="mr2">Add</span></button></div></div></div><div class="mt5 mb0" style="height:24px" data-testid="variant-52196662"></div><div data-automation-id="product-price" class="flex flex-wrap justify-start items-center lh-title mb1-m"><div class="mr1 mr2-xl b black lh-copy f5 f4-l" aria-hidden="true">$1.97</div><span class="w_iUH7">current price $1.97</span><div class="gray mr1 f7 f6-l">19.7 ¢/oz</div></div><span class=""><span class="w_V_DM" style="-webkit-line-clamp:3;padding-bottom:0em;margin-bottom:-0em"><span data-automation-id="product-title" class="normal dark-gray mb0 mt1 lh-title f6 f5-l">Marketside French Baguette Bread, Bake at Home, 10oz, Bag</span></span></span><div class="flex items-center mt2"><span class="black inline-flex mr1" data-testid="product-ratings" data-value="2.5"><i class="ld ld-StarFill" style="font-size:12px;vertical-align:-0.175em;width:12px;height:12px;box-sizing:content-box" aria-hidden="true"></i><i class="ld ld-StarFill" style="font-size:12px;vertical-align:-0.175em;width:12px;height:12px;box-sizing:content-box" aria-hidden="true"></i><i class="ld ld-StarHalf" style="font-size:12px;vertical-align:-0.175em;width:12px;height:12px;box-sizing:content-box" aria-hidden="true"></i><i class="ld ld-Star" style="font-size:12px;vertical-align:-0.175em;width:12px;height:12px;box-sizing:content-box" aria-hidden="true"></i><i class="ld ld-Star" style="font-size:12px;vertical-align:-0.175em;width:12px;height:12px;box-sizing:content-box" aria-hidden="true"></i></span><span class="sans-serif gray f7" aria-hidden="true" data-testid="product-reviews" data-value="263">263</span><span class="w_iUH7">2.5 out of 5 Stars. 263 reviews</span></div><div></div><div class="mb2 mt2"><span class="w_iUH7">Available for Pickup or Delivery</span><span class="w_VbBP w_mFV6 w_I_19 w_3oNC w_AAn7 mr1 mt1 ph1" aria-hidden="true">Pickup</span><span class="w_VbBP w_mFV6 w_I_19 w_3oNC w_AAn7 mr1 mt1 ph1" aria-hidden="true">Delivery</span></div></div></li><li class="flex flex-column items-center pa1 pr2 pb2" data-slide="14"><div role="group" data-item-id="3322570808" class="sans-serif mid-gray relative flex flex-column w-100 h-100 hide-child-opacity" data-testid="product-tile-14" aria-label="Product"><a link-identifier="3322570808" class="absolute w-100 h-100 z-1 hide-sibling-opacity" target="" href="/ip/Great-Value-Sliced-Hard-Salami-6oz-Ready-to-Eat/3322570808"><span class="w_iUH7"><h3>Great Value Sliced Hard Salami 6oz Ready to Eat</h3></span></a><div class="h2 relative mv2"></div><div class="relative"><div class="relative overflow-hidden" style="max-width:226px;height:0;padding-bottom:min(226px, 100%);align-self:center;width:min(226px, 100%)"><img loading="lazy" srcset="https://i5.walmartimages.com/seo/Great-Value-Sliced-Hard-Salami-6oz-Ready-to-Eat_eeef9e3b-d986-4cda-84c4-4ffd239249a6.80c2ff6f09be230d4b6722ee6d124501.jpeg?odnHeight=226&amp;odnWidth=226&amp;odnBg=FFFFFF 1x, https://i5.walmartimages.com/seo/Great-Value-Sliced-Hard-Salami-6oz-Ready-to-Eat_eeef9e3b-d986-4cda-84c4-4ffd239249a6.80c2ff6f09be230d4b6722ee6d124501.jpeg?odnHeight=576&amp;odnWidth=576&amp;odnBg=FFFFFF 2x" src="https://i5.walmartimages.com/seo/Great-Value-Sliced-Hard-Salami-6oz-Ready-to-Eat_eeef9e3b-d986-4cda-84c4-4ffd239249a6.80c2ff6f09be230d4b6722ee6d124501.jpeg?odnHeight=576&amp;odnWidth=576&amp;odnBg=FFFFFF" width="" height="" class="absolute top-0 left-0" data-testid="productTileImage" alt="Great Value Sliced Hard Salami 6oz Ready to Eat"/></div><div class="z-2 absolute bottom--1"><div class="relative dib" data-id="3322570808"><button class="w_hhLG w_8nsR w_jDfj pointer bn sans-serif b ph2 flex items-center justify-center w-auto shadow-1" type="button" data-pcss-hide="true" data-automation-id="add-to-cart" aria-label="Add to cart - Great Value Sliced Hard Salami 6oz Ready to Eat"><i class="ld ld-Plus" style="font-size:1.5rem;vertical-align:-0.25em;width:1.5rem;height:1.5rem;box-sizing:content-box" title="add to cart"></i><span class="mr2">Add</span></button></div></div></div><div class="mt5 mb0" style="height:24px" data-testid="variant-3322570808"></div><div data-automation-id="product-price" class="flex flex-wrap justify-start items-center lh-title mb1-m"><div class="mr1 mr2-xl b black lh-copy f5 f4-l" aria-hidden="true">$2.58</div><span class="w_iUH7">current price $2.58</span><div class="gray mr1 f7 f6-l">43.0 ¢/lb</div></div><span class=""><span class="w_V_DM" style="-webkit-line-clamp:3;padding-bottom:0em;margin-bottom:-0em"><span data-automation-id="product-title" class="normal dark-gray mb0 mt1 lh-title f6 f5-l">Great Value Sliced Hard Salami 6oz Ready to Eat</span></span></span><div></div><div class="mb2 mt2"><span class="w_iUH7">Available for Pickup or Delivery</span><span class="w_VbBP w_mFV6 w_I_19 w_3oNC w_AAn7 mr1 mt1 ph1" aria-hidden="true">Pickup</span><span class="w_VbBP w_mFV6 w_I_19 w_3oNC w_AAn7 mr1 mt1 ph1" aria-hidden="true">Delivery</span></div></div></li></ul><a link-identifier="horizontalScrollerNext" class="absolute dn z-5 bg-white br-100 pa0 pointer db-l br-100 nav-control right-1" aria-label="Next slide for Product Carousel list" data-testid="horizontal-scroller-next" role="button"><i class="ld ld-ChevronRight" style="font-size:1.5rem;vertical-align:-0.25em;padding:12px;width:1.5rem;height:1.5rem;box-sizing:content-box"></i></a></div></section></section></div> <section class="mv3 mv4-xl ml3 mr3-m mh0-l bb b--near-white bn-l"><div class="flex justify-between sans-serif mb3 items-baseline"><h2 class="f4 f3-m truncate ma0">From our deli</h2></div><div class="w_KPWk w_GxNv" role="list"><div class="w_aoqv w_wRee w_b0y1 w_eLjl" role="listitem"><article class="sans-serif shadow-1 br3 w-100 bg-white"><a link-identifier="50574eee-10eb-4ede-8c10-c8a53382b56d" class="no-underline" href="/browse/food/hummus-dips-salsa/976759_976789_7056897?povid=976759_3upPOVCards_4740967_Fromourdeli_Dips_Rweb_Jun_14"><img loading="lazy" srcset="https://i5.walmartimages.com/dfw/4ff9c6c9-4365/k2-_d19022ca-0925-4757-bd3f-6c48898d0416.v1.jpg?odnHeight=222&amp;odnWidth=395&amp;odnBg=FFFFFF 1x,
        https://i5.walmartimages.com/dfw/4ff9c6c9-4365/k2-_d19022ca-0925-4757-bd3f-6c48898d0416.v1.jpg?odnHeight=444&amp;odnWidth=790&amp;odnBg=FFFFFF 2x" src="https://i5.walmartimages.com/dfw/4ff9c6c9-4365/k2-_d19022ca-0925-4757-bd3f-6c48898d0416.v1.jpg?odnHeight=222&amp;odnWidth=395&amp;odnBg=FFFFFF" alt="" class="w-100 br3 br--top db h-auto" width="395" height="222"/><div class="pa3 pb0"><h3 class="f4 ma0 mb1 mb2-xl dark-gray lh-title truncate">Dips</h3><p class="f6 ma0 mid-gray lh-copy" style="height:2.5rem;overflow:hidden;text-overflow:ellipsis" title="Make your board full of bold flavors.">Make your board full of bold flavors.</p></div><span class="pv1 dib b mv3 ml3 ph3 f6 ba br4 b--black black bg-white hover-white hover-bg-black outline-0 no-underline">Shop now</span></a></article></div><div class="w_aoqv w_wRee w_b0y1 w_eLjl" role="listitem"><article class="sans-serif shadow-1 br3 w-100 bg-white"><a link-identifier="1bb6ad34-4a37-4729-98d0-a78840f3f9f1" class="no-underline" href="/browse/food/deli-meat-cheese/976759_976789_5428795?povid=976759_3upPOVCards_4740967_Fromourdeli_Slicedmeats_Rweb_Jun_14"><img loading="lazy" srcset="https://i5.walmartimages.com/dfw/4ff9c6c9-4356/k2-_38fe8d63-36ba-4ed6-b222-14c82fce343c.v1.jpg?odnHeight=222&amp;odnWidth=395&amp;odnBg=FFFFFF 1x,
        https://i5.walmartimages.com/dfw/4ff9c6c9-4356/k2-_38fe8d63-36ba-4ed6-b222-14c82fce343c.v1.jpg?odnHeight=444&amp;odnWidth=790&amp;odnBg=FFFFFF 2x" src="https://i5.walmartimages.com/dfw/4ff9c6c9-4356/k2-_38fe8d63-36ba-4ed6-b222-14c82fce343c.v1.jpg?odnHeight=222&amp;odnWidth=395&amp;odnBg=FFFFFF" alt="" class="w-100 br3 br--top db h-auto" width="395" height="222"/><div class="pa3 pb0"><h3 class="f4 ma0 mb1 mb2-xl dark-gray lh-title truncate">Sliced meats</h3><p class="f6 ma0 mid-gray lh-copy" style="height:2.5rem;overflow:hidden;text-overflow:ellipsis" title="Make your board scrumptious.">Make your board scrumptious.</p></div><span class="pv1 dib b mv3 ml3 ph3 f6 ba br4 b--black black bg-white hover-white hover-bg-black outline-0 no-underline">Shop now</span></a></article></div><div class="w_aoqv w_wRee w_b0y1 w_eLjl" role="listitem"><article class="sans-serif shadow-1 br3 w-100 bg-white"><a link-identifier="d2de5c84-d639-40d3-9ea4-ae0c87d1114b" class="no-underline" href="/browse/food/specialty-cheese-charcuterie/976759_976789_6993020?sort=best_match&amp;cat_id=976759_976789_6993020_4851964&amp;stores=2133&amp;ps=40&amp;povid=976759_3upPOVCards_4740967_Fromourdeli_Slicedcheeses_Rweb_Jun_14"><img loading="lazy" srcset="https://i5.walmartimages.com/dfw/4ff9c6c9-95b1/k2-_6773c0d7-bef2-4c59-8781-b1e61f9e8ebf.v1.jpg?odnHeight=222&amp;odnWidth=395&amp;odnBg=FFFFFF 1x,
        https://i5.walmartimages.com/dfw/4ff9c6c9-95b1/k2-_6773c0d7-bef2-4c59-8781-b1e61f9e8ebf.v1.jpg?odnHeight=444&amp;odnWidth=790&amp;odnBg=FFFFFF 2x" src="https://i5.walmartimages.com/dfw/4ff9c6c9-95b1/k2-_6773c0d7-bef2-4c59-8781-b1e61f9e8ebf.v1.jpg?odnHeight=222&amp;odnWidth=395&amp;odnBg=FFFFFF" alt="" class="w-100 br3 br--top db h-auto" width="395" height="222"/><div class="pa3 pb0"><h3 class="f4 ma0 mb1 mb2-xl dark-gray lh-title truncate">Sliced cheeses</h3><p class="f6 ma0 mid-gray lh-copy" style="height:2.5rem;overflow:hidden;text-overflow:ellipsis" title="Keep everyone coming back for more.">Keep everyone coming back for more.</p></div><span class="pv1 dib b mv3 ml3 ph3 f6 ba br4 b--black black bg-white hover-white hover-bg-black outline-0 no-underline">Shop now</span></a></article></div></div></section> <!-- --> <section><div class=""><h2 class="w_kV33 w_LD4J w_mvVb f4 f3-m f2-l f2-xl f2-2xl lh-title mv4 pt3">Related pages</h2><ul class="flex flex-wrap w-100 flex-grow-0 flex-shrink-0 list ma0 pa0 mb4"><li class="w-100 w-50-m w-third-l w-third-xl w-third-2xl mb3"><a link-identifier="Charcuterie" class="black f6" href="/browse/food/charcuterie/976759_976789_4740967_2085445">Charcuterie</a></li><li class="w-100 w-50-m w-third-l w-third-xl w-third-2xl mb3"><a link-identifier="Charcuterie Meats" class="black f6" href="/browse/food/charcuterie-meats/976759_976789_4740967_2354781">Charcuterie Meats</a></li><li class="w-100 w-50-m w-third-l w-third-xl w-third-2xl mb3"><a link-identifier="Fruit Charcuterie Board" class="black f6" href="/browse/food/fruit-charcuterie-board/976759_976789_4740967_6461335">Fruit Charcuterie Board</a></li><li class="w-100 w-50-m w-third-l w-third-xl w-third-2xl mb3"><a link-identifier="Charcuterie &amp; Snack Trays" class="black f6" href="/browse/food/charcuterie-snack-trays/976759_1567409_8808777_7502056">Charcuterie &amp; Snack Trays</a></li><li class="w-100 w-50-m w-third-l w-third-xl w-third-2xl mb3"><a link-identifier="Party Trays" class="black f6" href="/browse/food/party-trays/976759_976789_4740967_6993020_8475666">Party Trays</a></li><li class="w-100 w-50-m w-third-l w-third-xl w-third-2xl mb3"><a link-identifier="Charcuterie &amp; Cheese Boards" class="black f6" href="/browse/home/charcuterie-cheese-boards/4044_623679_639999_2347672_9395792">Charcuterie &amp; Cheese Boards</a></li><li class="w-100 w-50-m w-third-l w-third-xl w-third-2xl mb3"><a link-identifier="Charcuterie Board Gift" class="black f6" href="/c/kp/charcuterie-board-gift">Charcuterie Board Gift</a></li><li class="w-100 w-50-m w-third-l w-third-xl w-third-2xl mb3"><a link-identifier="Food Boards" class="black f6" href="/c/kp/food-boards">Food Boards</a></li><li class="w-100 w-50-m w-third-l w-third-xl w-third-2xl mb3"><a link-identifier="Funny Cheese Board" class="black f6" href="/c/kp/funny-cheese-board">Funny Cheese Board</a></li><li class="w-100 w-50-m w-third-l w-third-xl w-third-2xl mb3"><a link-identifier="Funny Cheese Board Sayings" class="black f6" href="/c/kp/funny-cheese-board-sayings">Funny Cheese Board Sayings</a></li><li class="w-100 w-50-m w-third-l w-third-xl w-third-2xl mb3"><a link-identifier="Heart Cheese Board" class="black f6" href="/c/kp/heart-cheese-board">Heart Cheese Board</a></li><li class="w-100 w-50-m w-third-l w-third-xl w-third-2xl mb3"><a link-identifier="Wine Cheese And Meat Board" class="black f6" href="/c/kp/wine-cheese-and-meat-board">Wine Cheese And Meat Board</a></li></ul></div></section> <div data-testid="copy-block" class="ph3 center f7 mid-gray"><section><h2 class="w_kV33 w_LD4J w_mvVb f5 f3-m f2-l lh-title mt5 mb3">About Create Your Charcuterie Board - Walmart.com</h2><div class="w_rNem w__2zm" style="height:0;visibility:hidden"><div><h2>What are some typical items you put on a charcuterie board?</h2><p>Charcuterie is a fancy French word for a meat and cheese platter, except the items are placed on a flat wooden board. Fill your board with sliced cured meats, cheeses, and fruits and veggies like grapes, strawberries, carrot sticks, and sliced peppers that you can pick up with your fingers. Add some crackers, dips, cornichons, and olives for a scrumptious blend of goodies.</p><h2>What are the best cheeses for a charcuterie board?</h2><p>For varying flavors, offer at least one soft cheese like brie, one hard cheese like Manchego, a semi-hard cheese like smoked gouda, and a blue cheese like stilton or blue jack. For pickier eaters, add a classic cheese like cheddar, Swiss, or mozzarella. To find the best cheeses for charcuterie, shop in the deli section of your store.</p><h2>What are some tips for arranging charcuterie?</h2><p>When arranging charcuterie, use a large board with a handle for easy carrying. Start by placing any small bowls or jars you have filled with dips, jams, nuts, or other items. Add your cheeses in several areas around the board, making room for slicing if needed. Place meats in small piles next to the cheeses. Then, add two or three handfuls of crackers or sliced bread, and fill open spaces with fruits, veggies, and sprigs of fresh herbs.</p></div></div><button class="w_hhLG w_DZvO w_0_LY dib mb4 f6 black pa0 mt1" type="button" tabindex="0">Show more</button></section></div> </div></div></div></div><div class="bg-black-20 absolute--fill" id="backgroundTopNav" style="z-index:9998"></div></main></div></div></div><span><footer class="db pt5-hdkp lh-copy relative z-0"><section class="flex flex-column flex-row-hdkp justify-center bg-washed-primary"><section class=""><div class="pb4 pt3 pa0-hdkp footer-wrapper ph3 tc" style="padding-top:2rem;padding-bottom:2rem"><p class="f5 mt0">We’d love to hear what you think!</p><button class="w_hhLG w_XK4d w_jDfj" type="button">Give feedback</button></div></section></section><div class="bw2 bt-0 bl-0 br-0 b--solid b--near-white b--none-hdkp"></div><section><ul class="list ma0 mt3 ph3 pt1 ma0-hdkp ph4-hdkp pb4-hdkp pt3-hdkp flex-hdkp flex-wrap-hdkp justify-center-hdkp footer-list" data-testid="responsive-footer-list"><li><a link-identifier="All Departments" class="f6 no-underline mb3 ma0-hdkp footer-link mr4-hdkp db" href="/all-departments">All Departments</a></li><li><a link-identifier="Store Directory" class="f6 no-underline mb3 ma0-hdkp footer-link mr4-hdkp db" aria-label="Store Directory - opens in a new window" target="_blank" rel="noopener noreferrer" href="/store/directory">Store Directory</a></li><li><a link-identifier="Careers" class="f6 no-underline mb3 ma0-hdkp footer-link mr4-hdkp db" aria-label="Careers - opens in a new window" target="_blank" rel="noopener noreferrer" href="https://careers.walmart.com/">Careers</a></li><li><a link-identifier="Our Company" class="f6 no-underline mb3 ma0-hdkp footer-link mr4-hdkp db" aria-label="Our Company - opens in a new window" target="_blank" rel="noopener noreferrer" href="https://corporate.walmart.com/">Our Company</a></li><li><a link-identifier="Sell on Walmart.com" class="f6 no-underline mb3 ma0-hdkp footer-link mr4-hdkp db" aria-label="Sell on Walmart.com - opens in a new window" target="_blank" rel="noopener noreferrer" href="https://marketplace.walmart.com/?utm_source=Walmart.com&amp;utm_medium=link&amp;utm_campaign=footer">Sell on Walmart.com</a></li><li><a link-identifier="Help" class="f6 no-underline mb3 ma0-hdkp footer-link mr4-hdkp db" href="/help">Help</a></li><li><a link-identifier="COVID-19 Vaccine Scheduler" class="f6 no-underline mb3 ma0-hdkp footer-link mr4-hdkp db" href="https://www.walmart.com/cp/flu-shots-immunizations/1228302">COVID-19 Vaccine Scheduler</a></li><li><a link-identifier="Product Recalls" class="f6 no-underline mb3 ma0-hdkp footer-link mr4-hdkp db" aria-label="Product Recalls - opens in a new window" target="_blank" rel="noopener noreferrer" href="https://corporate.walmart.com/recalls">Product Recalls</a></li><li><a link-identifier="Accessibility" class="f6 no-underline mb3 ma0-hdkp footer-link mr4-hdkp db" aria-label="Accessibility - opens in a new window" target="_blank" rel="noopener noreferrer" href="https://www.walmart.com/help/article/responsible-disclosure-and-accessibility-policies/0f173dab8bd942da84b1cd7ab5ffc3cb">Accessibility</a></li><li><a link-identifier="Tax Exempt Program" class="f6 no-underline mb3 ma0-hdkp footer-link mr4-hdkp db" aria-label="Tax Exempt Program - opens in a new window" target="_blank" rel="noopener noreferrer" href="https://www.walmart.com/taxexempt/">Tax Exempt Program</a></li><li><a link-identifier="Get the Walmart App" class="f6 no-underline mb3 ma0-hdkp footer-link mr4-hdkp db" href="https://walmart.onelink.me/UIev?pid=walmart.com&amp;af_web_dp=https%3A%2F%2Fwww.walmart.com%2Fcp%2Fwalmart-mobile-app%2F1087865&amp;c=Walmart.com%20Site%20Footer&amp;af_dp=walmart%3A%2F%2F">Get the Walmart App</a></li><li><a link-identifier="Sign-up for Email" class="f6 no-underline mb3 ma0-hdkp footer-link mr4-hdkp db" href="https://www.walmart.com/cp/email-opt-in/8196352?gbo=1">Sign-up for Email</a></li><li><a link-identifier="Safety Data Sheet" class="f6 no-underline mb3 ma0-hdkp footer-link mr4-hdkp db" href="http://msds.walmartstores.com/">Safety Data Sheet</a></li><li><a link-identifier="Terms of Use" class="f6 no-underline mb3 ma0-hdkp footer-link mr4-hdkp db" href="/help/article/walmart-com-terms-of-use/3b75080af40340d6bbd596f116fae5a0">Terms of Use</a></li><li><a link-identifier="Privacy &amp; Security" class="f6 no-underline mb3 ma0-hdkp footer-link mr4-hdkp db" aria-label="Privacy &amp; Security - opens in a new window" target="_blank" rel="noopener noreferrer" href="https://corporate.walmart.com/privacy-security">Privacy &amp; Security</a></li><li><a link-identifier="California Supply Chain Act" class="f6 no-underline mb3 ma0-hdkp footer-link mr4-hdkp db" aria-label="California Supply Chain Act - opens in a new window" target="_blank" rel="noopener noreferrer" href="https://corporate.walmart.com/california-transparency">California Supply Chain Act</a></li><li><a link-identifier="Your Privacy Choices" class="f6 no-underline mb3 ma0-hdkp footer-link mr4-hdkp flex items-center" aria-label="Your Privacy Choices - opens in a new window" target="_blank" rel="noopener noreferrer" href="https://www.walmart.com/account/api/ccpa-intake?native=false&amp;app=gm&amp;type=sod"><img loading="lazy" width="29" height="14" src="//i5.walmartimages.com/dfwrs/76316474-f70e/k2-_67001355-c576-4ca2-989d-260a2673c41a.v1.png" alt="Privacy choices icon" class="mr1"/>Your Privacy Choices</a></li><li><a link-identifier="Notice at Collection" class="f6 no-underline mb3 ma0-hdkp footer-link mr4-hdkp db" aria-label="Notice at Collection - opens in a new window" target="_blank" rel="noopener noreferrer" href="https://corporate.walmart.com/privacy-security/california-privacy-rights#what-are-the-categories-of-personal-information-collected">Notice at Collection</a></li><li><a link-identifier="Request My Personal Information" class="f6 no-underline mb3 ma0-hdkp footer-link mr4-hdkp db" aria-label="Request My Personal Information - opens in a new window" target="_blank" rel="noopener noreferrer" href="https://www.walmart.com/account/api/ccpa-intake?native=false&amp;app=gm&amp;type=access">Request My Personal Information</a></li><li><a link-identifier="Brand Shop Directory" class="f6 no-underline mb3 ma0-hdkp footer-link mr4-hdkp db" href="https://www.walmart.com/brand/branddirectory">Brand Shop Directory</a></li><li><a link-identifier="#IYWYK" class="f6 no-underline mb3 ma0-hdkp footer-link mr4-hdkp db" href="https://www.walmart.com/cp/walmart-in-the-know/7781927">#IYWYK</a></li><li><a link-identifier="Walmart Business" class="f6 no-underline mb3 ma0-hdkp footer-link db" href="https://business.walmart.com/">Walmart Business</a></li></ul><div class="f7 lh-title mt6 pb5 ph3 pt1 tc-hdkp pa0-hdkp pt2-hdkp ma0-hdkp pb5-hdkp footer-copyright">© 2023 Walmart. All Rights Reserved.</div></section></footer></span> </div></div></div><div aria-live="assertive"></div></div><script id="__NEXT_DATA__" type="application/json" nonce="wRgtM7rORmFXyjpT">{"props":{"pageProps":{"initialTempoData":{"data":{"contentLayout":{"host":"name of the pod","upstreamStatus":[],"modules":[{"name":"Charcuterie gifts carousel","type":"ItemCarousel","version":2,"status":"published","schedule":{"start":null,"end":null,"priority":1,"expEnabled":false},"triggers":[{"pageType":"ContentPage","pageId":"4740967","zone":"contentZone2","inheritable":false}],"configs":{"__typename":"TempoWM_GLASSWWWItemCarouselConfigsV1","type":null,"title":"Charcuterie gifts","subTitle":null,"viewAllLink":{"linkText":"View all","title":"View all","clickThrough":{"type":"url","value":"https://www.walmart.com/browse/food/meat-cheeses-food-gifts/976759_1089004_8849619?povid=976759_itemcarousel_4740967_Charcuteriegifts_Viewall_Rweb_Nov_8"}},"spBeaconInfo":null,"tileOptions":null,"productsConfig":{"products":null}},"publishedDate":1699440953793,"moduleId":"d972411c-b4e0-4dd1-bc1f-d6028e8c71d7","module_id":"d972411c-b4e0-4dd1-bc1f-d6028e8c71d7","matchedTrigger":{"pageType":"ContentPage","pageId":"4740967","zone":"contentZone2","inheritable":false}},{"name":"Charcuterie Lifestyle hub and spokes","type":"HubSpokes4x4","version":11,"status":"published","schedule":{"start":null,"end":null,"priority":1,"expEnabled":false},"triggers":[{"pageType":"ContentPage","pageId":"4740967","zone":"topZone3","inheritable":false}],"configs":{"__typename":"TempoWM_GLASSWWWHubSpokes4x4Configs","headingText":"Build your board","displayMode":"expanded","suppressCTA":"False","rows":[{"categories4x4":[{"name":"Specialty cheeses","image":{"alt":"Brie","assetId":"92878f60-fc0f-11ed-9ce5-bfbaed016f46","assetName":"Brie.jpg","src":"https://i5.walmartimages.com/dfw/4ff9c6c9-f69b/k2-_b3cea549-ae2d-4283-89a7-b63c96259b56.v1.jpg","clickThrough":{"value":"https://www.walmart.com/browse/food/specialty-cheeses/976759_9176907_1001468_4851964?povid=976759_hubspoke_4740967_Buildyourboard_Specialtycheeses_Rweb_Nov_8"}}},{"name":"Charcuterie Meats","image":{"alt":"Charcuterie Meats","assetId":"k2-_50f35346-3ece-46ec-8644-e347754926cf.v1.jpg","assetName":"k2-_50f35346-3ece-46ec-8644-e347754926cf.v1.jpg","src":"https://i5.walmartimages.com/dfw/4ff9c6c9-40eb/k2-_f95e4621-4bc2-4032-bf3e-383b21ec5f70.v1.jpg","clickThrough":{"value":"https://www.walmart.com/browse/food/charcuterie-meats/976759_976789_4740967_2354781?povid=976759_hubspoke_4740967_Buildyourboard_CharcuterieMeats_Rweb_Nov_8"}}},{"name":"Dips and spreads","image":{"alt":"Dips and spreads","assetId":"df30f4f0-fc0f-11ed-ba83-fb7c5f7864f7","assetName":"spreadable cheese2.jpg","src":"https://i5.walmartimages.com/dfw/4ff9c6c9-580b/k2-_7418b3f5-2e93-4302-b001-cc38276effb5.v1.jpg","clickThrough":{"value":"https://www.walmart.com/browse/food/hummus-dips-salsa/976759_976789_7056897?povid=976759_hubspoke_4740967_Buildyourboard_Dipsandspreads_Rweb_Nov_8"}}},{"name":"Entertaining crackers","image":{"alt":"Entertaining crackers","assetId":"k2-_50f35346-3ece-46ec-8644-e347754926cf.v1 (3).jpg","assetName":"k2-_50f35346-3ece-46ec-8644-e347754926cf.v1 (3).jpg","src":"https://i5.walmartimages.com/dfw/4ff9c6c9-1e23/k2-_cd398382-8158-444c-9d06-041045847cb2.v1.jpg","clickThrough":{"value":"https://www.walmart.com/browse/food/snack-crackers/976759_976787_1001392_9358664?povid=976759_hubspoke_4740967_Buildyourboard_Entertainingcrackers_Rweb_Nov_8"}}}]}]},"publishedDate":1699440348048,"moduleId":"7c585324-38b1-4e24-a91f-ea77c032ccc4","module_id":"7c585324-38b1-4e24-a91f-ea77c032ccc4","matchedTrigger":{"pageType":"ContentPage","pageId":"4740967","zone":"topZone3","inheritable":false}},{"name":"Charcuterie pills CP","type":"StaticNavigationPills","version":4,"status":"published","schedule":{"start":null,"end":null,"priority":1,"expEnabled":false},"triggers":[{"pageType":"ContentPage","pageId":"4740967","zone":"topZone2","inheritable":false}],"configs":{"__typename":"TempoWM_GLASSWWWStaticNavigationPillsConfigs","NavPills":[{"title":"Italian Meat","description":null,"url":{"clickThrough":{"value":"https://www.walmart.com/browse/food/charcuterie-meats/976759_976789_4740967_2354781?povid=976759_topnavpill_4740967_CharcuteriepillsCP_ItalianMeat_Rweb_Nov_2","rawValue":"https://www.walmart.com/browse/food/charcuterie-meats/976759_976789_4740967_2354781?povid=976759_topnavpill_4740967_CharcuteriepillsCP_ItalianMeat_Rweb_Nov_2"}}},{"title":"Pepperoni","description":null,"url":{"clickThrough":{"value":"https://www.walmart.com/browse/food/pepperoni/976759_976789_5428795_5985683?povid=976759_topnavpill_4740967_CharcuteriepillsCP_Pepperoni_Rweb_Nov_2","rawValue":"https://www.walmart.com/browse/food/pepperoni/976759_976789_5428795_5985683?povid=976759_topnavpill_4740967_CharcuteriepillsCP_Pepperoni_Rweb_Nov_2"}}},{"title":"Brie Cheese","description":null,"url":{"clickThrough":{"value":"https://www.walmart.com/browse/food/brie-cheese/976759_9176907_1001468_4776464?povid=976759_topnavpill_4740967_CharcuteriepillsCP_BrieCheese_Rweb_Nov_2","rawValue":"https://www.walmart.com/browse/food/brie-cheese/976759_9176907_1001468_4776464?povid=976759_topnavpill_4740967_CharcuteriepillsCP_BrieCheese_Rweb_Nov_2"}}},{"title":"Gouda Cheese","description":null,"url":{"clickThrough":{"value":"https://www.walmart.com/browse/food/gouda-cheese/976759_9176907_1001468_4433485?povid=976759_topnavpill_4740967_CharcuteriepillsCP_GoudaCheese_Rweb_Nov_2","rawValue":"https://www.walmart.com/browse/food/gouda-cheese/976759_9176907_1001468_4433485?povid=976759_topnavpill_4740967_CharcuteriepillsCP_GoudaCheese_Rweb_Nov_2"}}},{"title":"Deli meats and cheese","description":null,"url":{"clickThrough":{"value":"https://www.walmart.com/browse/food/deli-meat-cheese/976759_976789_5428795?povid=976759_topnavpill_4740967_CharcuteriepillsCP_Delimeatsandcheese_Rweb_Nov_2","rawValue":"https://www.walmart.com/browse/food/deli-meat-cheese/976759_976789_5428795?povid=976759_topnavpill_4740967_CharcuteriepillsCP_Delimeatsandcheese_Rweb_Nov_2"}}},{"title":"Party Trays ","description":null,"url":{"clickThrough":{"value":"https://www.walmart.com/browse/food/party-trays/976759_976789_6993020_8475666?povid=976759_topnavpill_4740967_CharcuteriepillsCP_PartyTrays_Rweb_Nov_2","rawValue":"https://www.walmart.com/browse/food/party-trays/976759_976789_6993020_8475666?povid=976759_topnavpill_4740967_CharcuteriepillsCP_PartyTrays_Rweb_Nov_2"}}},{"title":"Specialty Crackers","description":null,"url":{"clickThrough":{"value":"https://www.walmart.com/browse/food/snack-crackers/976759_976787_1001392_9358664?povid=976759_topnavpill_4740967_CharcuteriepillsCP_SpecialtyCrackers_Rweb_Nov_2","rawValue":"https://www.walmart.com/browse/food/snack-crackers/976759_976787_1001392_9358664?povid=976759_topnavpill_4740967_CharcuteriepillsCP_SpecialtyCrackers_Rweb_Nov_2"}}},{"title":"Hummus","description":null,"url":{"clickThrough":{"value":"https://www.walmart.com/browse/food/hummus/976759_976789_7056897_5863482?povid=976759_topnavpill_4740967_CharcuteriepillsCP_Hummus_Rweb_Nov_2","rawValue":"https://www.walmart.com/browse/food/hummus/976759_976789_7056897_5863482?povid=976759_topnavpill_4740967_CharcuteriepillsCP_Hummus_Rweb_Nov_2"}}},{"title":"Nuts","description":null,"url":{"clickThrough":{"value":"https://www.walmart.com/browse/food/nuts-trail-mix-seeds/976759_976787_1001406?povid=976759_topnavpill_4740967_CharcuteriepillsCP_Nuts_Rweb_Nov_2","rawValue":"https://www.walmart.com/browse/food/nuts-trail-mix-seeds/976759_976787_1001406?povid=976759_topnavpill_4740967_CharcuteriepillsCP_Nuts_Rweb_Nov_2"}}},{"title":"Fruits","description":null,"url":{"clickThrough":{"value":"https://www.walmart.com/browse/food/all-fresh-fruit/976759_976793_9756351_1759962?povid=976759_topnavpill_4740967_CharcuteriepillsCP_Fruits_Rweb_Nov_2","rawValue":"https://www.walmart.com/browse/food/all-fresh-fruit/976759_976793_9756351_1759962?povid=976759_topnavpill_4740967_CharcuteriepillsCP_Fruits_Rweb_Nov_2"}}}]},"publishedDate":1698995000148,"moduleId":"8e0d7390-2957-4b9c-a5c2-064c8c2651ad","module_id":"8e0d7390-2957-4b9c-a5c2-064c8c2651ad","matchedTrigger":{"pageType":"ContentPage","pageId":"4740967","zone":"topZone2","inheritable":false}},{"name":"Charcuterie skinny banner","type":"SkinnyBanner","version":2,"status":"published","schedule":{"start":null,"end":null,"priority":1,"expEnabled":false},"triggers":[{"pageType":"ContentPage","pageId":"4740967","zone":"topZone1","inheritable":false}],"configs":{"__typename":"TempoWM_GLASSWWWSkinnyBannerConfigs","bannerType":"POV","desktopBannerHeight":"150px","bannerImage":{"src":"https://i5.walmartimages.com/dfw/4ff9c6c9-5aa7/k2-_363f7dda-9e11-4e0b-ab26-b404a8a70fca.v1.jpg","title":"3732579-044-FY23-FOOD-NOV-Deli-SITE-1101-SKN-BNR-1568x220-D","alt":"Build you perfect charcuterie board","assetId":"9650168e-e886-4a68-9fff-6c08eb1e5b42","assetName":"3732579-044-FY23-FOOD-NOV-Deli-SITE-1101-SKN-BNR-1568x220-D.jpg"},"mobileBannerHeight":"100px","mobileImage":{"src":"https://i5.walmartimages.com/dfw/4ff9c6c9-ec73/k2-_e1d9d583-69e7-4344-ab56-019a13a14515.v1.jpg","title":"3732579-044-FY23-FOOD-NOV-Deli-SITE-1101-SKN-BNR-1568x220-D","alt":"Build you perfect charcuterie board","assetId":"d8e60fa4-620c-469e-abff-e29b97cb852e","assetName":"3732579-044-FY23-FOOD-NOV-Deli-SITE-1101-SKN-BNR-1568x220-D.jpg"},"backgroundColor":null,"heading":{"title":"Build you perfect charcuterie board","fontColor":"#000000"},"subHeading":{"title":"From meat \u0026 cheese to fruit spreads","fontColor":null},"bannerCta":[{"textColor":"#000000","uid":"y-DR54gn","ctaType":"link","ctaLink":{"title":"View \u0026 shop now","linkText":"View \u0026 shop now","clickThrough":{"value":"https://www.walmart.com/browse/food/charcuterie/976759_976789_4740967_2085445?povid=976759_Skinnybanner_4740967_Buildyouperfectcharcuterieboard_Viewandshopnow_Rweb_Nov_2","rawValue":"https://www.walmart.com/browse/food/charcuterie/976759_976789_4740967_2085445?povid=976759_Skinnybanner_4740967_Buildyouperfectcharcuterieboard_Viewandshopnow_Rweb_Nov_2"}}}]},"publishedDate":1698993888616,"moduleId":"e025582a-d748-4f16-88db-0ebf611f8546","module_id":"e025582a-d748-4f16-88db-0ebf611f8546","matchedTrigger":{"pageType":"ContentPage","pageId":"4740967","zone":"topZone1","inheritable":false}},{"name":"HubSpokes 4x1 Module - BRUNCHuterie faves","type":"HubSpokes4x1","version":14,"status":"published","schedule":{"start":null,"end":null,"priority":1,"expEnabled":false},"triggers":[{"pageType":"ContentPage","pageId":"4740967","zone":"contentZone5","inheritable":false}],"configs":{"__typename":"TempoWM_GLASSWWWHubSpokes4x1Configs","headingText":"BRUNCHuterie faves","suppressCTA":"False","categories4x1":[{"name":"Bacon","image":{"alt":"Bacon","assetId":"b39563e4-7315-4d73-917b-ccaaee594421","assetName":"855121-009-FOOD-GLASS-Del-855121-HUB-SPOKES-290x290-C.jpg","src":"https://i5.walmartimages.com/dfw/4ff9c6c9-5a07/k2-_b1a77896-13d5-40d5-b912-4b76a5e47384.v1.jpg","clickThrough":{"value":"/browse/food/bacon-hot-dogs-sausage/976759_976789_1434810?povid=976759_hubspoke_4740967_BRUNCHuteriefaves_Bacon_Rweb_Jun_14"}}},{"name":"Guacamole Dip","image":{"alt":"Guacamole Dip","assetId":"dc56e23a-2652-4f3f-9f61-b985032ea175","assetName":"1111269-014-FOOD-GLASS-Fresh-Produce-CP-December-Wk-44-HUB-SPOKES-580x580-C.jpg","src":"https://i5.walmartimages.com/dfw/4ff9c6c9-4bc7/k2-_25668113-4d03-493d-9bde-f9c5d6f689dc.v1.jpg","clickThrough":{"value":"/browse/food/hummus-dips-salsa/976759_976789_7056897?sort=best_match\u0026cat_id=976759_976789_7056897_5615828\u0026stores=2133\u0026ps=40\u0026povid=976759_hubspoke_4740967_BRUNCHuteriefaves_GuacamoleDip_Rweb_Jun_14"}}},{"name":"Cheese","image":{"alt":"Cheese","assetId":"1a992b75-064e-4ebf-bb2f-162837c86588","assetName":"855121-008-FOOD-GLASS-Del-855121-HUB-SPOKES-290x290-B.jpg","src":"https://i5.walmartimages.com/dfw/4ff9c6c9-3606/k2-_8621c6a1-4f65-4c77-a395-9a9b4e02d8db.v1.jpg","clickThrough":{"value":"/browse/food/specialty-cheese-charcuterie/976759_976789_6993020?povid=976759_hubspoke_4740967_BRUNCHuteriefaves_Cheese_Rweb_Jun_14"}}},{"name":"Bagels","image":{"alt":"Bagels","assetId":"9aacb3d2-ed31-4607-bd9d-14bd6566bfa9","assetName":"855035-027-HUB-SPOKES-290x290-A.jpg","src":"https://i5.walmartimages.com/dfw/4ff9c6c9-fca6/k2-_c63098f7-7765-48bb-a578-998b01f28345.v1.jpg","clickThrough":{"value":"/browse/food/breakfast-breads/976759_976779_1044115?povid=976759_hubspoke_4740967_BRUNCHuteriefaves_Bagels_Rweb_Jun_14"}}}]},"publishedDate":1699993575871,"moduleId":"8402a354-74ba-4ae6-a80b-12f2af484891","module_id":"8402a354-74ba-4ae6-a80b-12f2af484891","matchedTrigger":{"pageType":"ContentPage","pageId":"4740967","zone":"contentZone5","inheritable":false}},{"name":"Item Carousel FY22 Q4 Add fruit \u0026 veggies","type":"ItemCarousel","version":13,"status":"published","schedule":{"start":null,"end":null,"priority":1,"expEnabled":false},"triggers":[{"pageType":"ContentPage","pageId":"4740967","zone":"contentZone12","inheritable":false}],"configs":{"__typename":"TempoWM_GLASSWWWItemCarouselConfigsV1","type":null,"title":"Add fruits \u0026 veggies","subTitle":null,"viewAllLink":null,"spBeaconInfo":null,"tileOptions":null,"productsConfig":{"products":[{"canAddToCart":true,"showOptions":false,"badge":{"id":"L1600","text":"Best seller","key":"BESTSELLER","type":"LABEL","rank":1,"styleId":null},"badgeGroups":[],"badges":{"flags":[{"key":"BESTSELLER","text":"Best seller","type":"LABEL","id":"L1600","rank":1,"styleId":null}],"labels":[],"tags":[{"key":"PICKUP","text":"Pickup","id":"L1001","rank":null},{"key":"DELIVERY","text":"Delivery","id":"L1002","rank":null}],"groups":[]},"earlyAccessEvent":false,"eventAttributes":{"specialBuy":false,"priceFlip":false},"flag":"Best seller","classType":"REGULAR","fulfillmentBadges":["Pickup","Delivery"],"fulfillmentSpeed":null,"fulfillmentType":"STORE","id":"47770140","image":"https://i5.walmartimages.com/asr/c78cf78a-bc60-46e3-b8ff-93f6429ac324.f343f4f1450299d85cb7270777d2594a.jpeg","isEarlyAccessItem":false,"isOutOfStock":false,"maxVisibleSwatchCount":4,"name":"Fresh Red Seedless Grapes, Bag (2.25 lbs/Bag Est.)","groupMetaData":null,"itemType":null,"pac":null,"offerId":"31AFEB28B49946178D1E89DBD8981739","sellerId":"F55CDC31AB754BB68FE0B39041159D63","showSubscribe":false,"sellerName":null,"salesUnitType":"EACH_WEIGHT","weightIncrement":1,"hasSellerBadge":null,"preOrder":{"streetDate":null,"streetDateDisplayable":null,"streetDateType":null,"isPreOrder":false,"preOrderMessage":null,"preOrderStreetDateMessage":null},"price":5.36,"priceInfo":{"linePrice":"$5.36","priceDisplayCondition":"each","unitPrice":"$2.38/lb","priceRangeString":"","subscriptionString":"","linePriceDisplay":"$5.36","eaPricingPreText":""},"usItemId":"47770140","variantList":[],"isVariantTypeSwatch":false,"type":"REGULAR","rating":{"averageRating":1.8,"numberOfReviews":3958},"sponsoredProduct":null,"isSponsoredFlag":false,"brand":"Fresh Produce","canonicalUrl":"/ip/Fresh-Red-Seedless-Grapes-Bag-2-25-lbs-Bag-Est/47770140?athcpid=47770140\u0026athpgid=AthenaContentPage_4740967\u0026athcgid=null\u0026athznid=ItemCarousel_609cfcd5-94e8-49e0-a1a5-9da154517b3d_items\u0026athieid=v0\u0026athstid=CS020\u0026athguid=s-SwGJlwQKwJx4-cn3aD3PFfAgOp1Vtd9RFT\u0026athancid=null\u0026athena=true\u0026athbdg=L1600"},{"canAddToCart":true,"showOptions":false,"badge":null,"badgeGroups":[],"badges":{"flags":null,"labels":[],"tags":[{"key":"PICKUP","text":"Pickup","id":"L1001","rank":null},{"key":"DELIVERY","text":"Delivery","id":"L1002","rank":null}],"groups":[]},"earlyAccessEvent":false,"eventAttributes":{"specialBuy":false,"priceFlip":false},"flag":"","classType":"REGULAR","fulfillmentBadges":["Pickup","Delivery"],"fulfillmentSpeed":null,"fulfillmentType":"STORE","id":"785305323","image":"https://i5.walmartimages.com/asr/fbc53d25-fe45-4c9a-a97c-2462eb4f70c6.1ff89b9a878373700d245c977756a6c3.jpeg","isEarlyAccessItem":false,"isOutOfStock":false,"maxVisibleSwatchCount":4,"name":"Great Value Stuffed Feta Cheese Green Olives, 7oz Jar","groupMetaData":null,"itemType":null,"pac":null,"offerId":"59B59FA99FEA45FF824B4E14D909125E","sellerId":"F55CDC31AB754BB68FE0B39041159D63","showSubscribe":false,"sellerName":null,"salesUnitType":"EACH","weightIncrement":1,"hasSellerBadge":null,"preOrder":{"streetDate":null,"streetDateDisplayable":null,"streetDateType":null,"isPreOrder":false,"preOrderMessage":null,"preOrderStreetDateMessage":null},"price":3.34,"priceInfo":{"linePrice":"$3.34","priceDisplayCondition":null,"unitPrice":"47.7 ¢/oz","priceRangeString":"","subscriptionString":"","linePriceDisplay":"$3.34","eaPricingPreText":""},"usItemId":"785305323","variantList":[],"isVariantTypeSwatch":false,"type":"REGULAR","rating":{"averageRating":3.7,"numberOfReviews":40},"sponsoredProduct":null,"isSponsoredFlag":false,"brand":"Great Value","canonicalUrl":"/ip/Great-Value-Stuffed-Feta-Cheese-Green-Olives-7oz-Jar/785305323?athcpid=785305323\u0026athpgid=AthenaContentPage_4740967\u0026athcgid=null\u0026athznid=ItemCarousel_609cfcd5-94e8-49e0-a1a5-9da154517b3d_items\u0026athieid=v0\u0026athstid=CS020\u0026athguid=s-SwGJlwQKwJx4-cn3aD3PFfAgOp1Vtd9RFT\u0026athancid=null\u0026athena=true"},{"canAddToCart":true,"showOptions":false,"badge":{"id":"L1600","text":"Best seller","key":"BESTSELLER","type":"LABEL","rank":1,"styleId":null},"badgeGroups":[],"badges":{"flags":[{"key":"BESTSELLER","text":"Best seller","type":"LABEL","id":"L1600","rank":1,"styleId":null}],"labels":[],"tags":[{"key":"PICKUP","text":"Pickup","id":"L1001","rank":null},{"key":"DELIVERY","text":"Delivery","id":"L1002","rank":null}],"groups":[]},"earlyAccessEvent":false,"eventAttributes":{"specialBuy":false,"priceFlip":false},"flag":"Best seller","classType":"REGULAR","fulfillmentBadges":["Pickup","Delivery"],"fulfillmentSpeed":null,"fulfillmentType":"STORE","id":"10315439","image":"https://i5.walmartimages.com/asr/ee60bcca-30fc-4e3a-ac79-08cf551b72d9.5500b3c1cf2c1e850101a6fef5ec525c.jpeg","isEarlyAccessItem":false,"isOutOfStock":false,"maxVisibleSwatchCount":4,"name":"Great Value Stuffed Manzanilla Olives with Minced Pimento, 10 oz Jar","groupMetaData":null,"itemType":null,"pac":null,"offerId":"910AB8349B8D4404BDD4CABA67E569C4","sellerId":"F55CDC31AB754BB68FE0B39041159D63","showSubscribe":false,"sellerName":null,"salesUnitType":"EACH","weightIncrement":1,"hasSellerBadge":null,"preOrder":{"streetDate":null,"streetDateDisplayable":null,"streetDateType":null,"isPreOrder":false,"preOrderMessage":null,"preOrderStreetDateMessage":null},"price":2.52,"priceInfo":{"linePrice":"$2.52","priceDisplayCondition":null,"unitPrice":"25.2 ¢/oz","priceRangeString":"","subscriptionString":"","linePriceDisplay":"$2.52","eaPricingPreText":""},"usItemId":"10315439","variantList":[],"isVariantTypeSwatch":false,"type":"REGULAR","rating":{"averageRating":4.3,"numberOfReviews":234},"sponsoredProduct":null,"isSponsoredFlag":false,"brand":"Great Value","canonicalUrl":"/ip/Great-Value-Stuffed-Manzanilla-Olives-with-Minced-Pimento-10-oz-Jar/10315439?athcpid=10315439\u0026athpgid=AthenaContentPage_4740967\u0026athcgid=null\u0026athznid=ItemCarousel_609cfcd5-94e8-49e0-a1a5-9da154517b3d_items\u0026athieid=v0\u0026athstid=CS020\u0026athguid=s-SwGJlwQKwJx4-cn3aD3PFfAgOp1Vtd9RFT\u0026athancid=null\u0026athena=true\u0026athbdg=L1600"},{"canAddToCart":true,"showOptions":false,"badge":null,"badgeGroups":[],"badges":{"flags":null,"labels":[],"tags":[{"key":"PICKUP","text":"Pickup","id":"L1001","rank":null},{"key":"DELIVERY","text":"Delivery","id":"L1002","rank":null}],"groups":[]},"earlyAccessEvent":false,"eventAttributes":{"specialBuy":false,"priceFlip":false},"flag":"","classType":"REGULAR","fulfillmentBadges":["Pickup","Delivery"],"fulfillmentSpeed":null,"fulfillmentType":"STORE","id":"44390996","image":"https://i5.walmartimages.com/asr/ab5b3a59-55ca-4e21-b071-d6410abcd75b.d4490acd083eb12bee46c4335a6dceb4.jpeg","isEarlyAccessItem":false,"isOutOfStock":false,"maxVisibleSwatchCount":4,"name":"Fresh Long English Cucumber, Each","groupMetaData":null,"itemType":null,"pac":null,"offerId":"81EB6FD5E94F42328685B7970E7A0247","sellerId":"F55CDC31AB754BB68FE0B39041159D63","showSubscribe":false,"sellerName":null,"salesUnitType":"EACH","weightIncrement":1,"hasSellerBadge":null,"preOrder":{"streetDate":null,"streetDateDisplayable":null,"streetDateType":null,"isPreOrder":false,"preOrderMessage":null,"preOrderStreetDateMessage":null},"price":0.98,"priceInfo":{"linePrice":"$0.98","priceDisplayCondition":null,"priceRangeString":"","subscriptionString":"","linePriceDisplay":"$0.98","eaPricingPreText":""},"usItemId":"44390996","variantList":[],"isVariantTypeSwatch":false,"type":"REGULAR","rating":{"averageRating":1.8,"numberOfReviews":939},"sponsoredProduct":null,"isSponsoredFlag":false,"brand":"Fresh Produce","canonicalUrl":"/ip/Fresh-Long-English-Cucumber-Each/44390996?athcpid=44390996\u0026athpgid=AthenaContentPage_4740967\u0026athcgid=null\u0026athznid=ItemCarousel_609cfcd5-94e8-49e0-a1a5-9da154517b3d_items\u0026athieid=v0\u0026athstid=CS020\u0026athguid=s-SwGJlwQKwJx4-cn3aD3PFfAgOp1Vtd9RFT\u0026athancid=null\u0026athena=true"},{"canAddToCart":true,"showOptions":false,"badge":null,"badgeGroups":[],"badges":{"flags":null,"labels":[],"tags":[{"key":"THREE_PLUS_DAY_SHIPPING","text":"3+ day shipping","id":"L1005","rank":null}],"groups":[]},"earlyAccessEvent":false,"eventAttributes":{"specialBuy":false,"priceFlip":false},"flag":"","classType":"REGULAR","fulfillmentBadges":["3+ day shipping"],"fulfillmentSpeed":null,"fulfillmentType":"MARKETPLACE","id":"34217405","image":"https://i5.walmartimages.com/asr/c0d5380b-4aed-45e7-8af9-3de01070becb.9923f32237ed54b005d4da6164a530e4.jpeg","isEarlyAccessItem":false,"isOutOfStock":false,"maxVisibleSwatchCount":4,"name":"Mariani Dried Fruit, No Sugar Added, Mediterranean Dried Apricots, 16oz Bag","groupMetaData":null,"itemType":null,"pac":null,"unsheduled_Delivery_SLA":null,"offerId":"7674308AEA8F47B1923831F3AB982F77","sellerId":"7389F6C52928400EBA153C00DD4D149C","showSubscribe":false,"sellerName":null,"salesUnitType":"EACH","weightIncrement":1,"hasSellerBadge":null,"preOrder":{"streetDate":null,"streetDateDisplayable":null,"streetDateType":null,"isPreOrder":false,"preOrderMessage":null,"preOrderStreetDateMessage":null},"price":19.2,"priceInfo":{"linePrice":"$19.20","priceDisplayCondition":null,"unitPrice":"$1.20/oz","priceRangeString":"","subscriptionString":"","linePriceDisplay":"$19.20","eaPricingPreText":""},"usItemId":"34217405","variantList":[],"isVariantTypeSwatch":false,"type":"REGULAR","rating":{"averageRating":4.7,"numberOfReviews":327},"sponsoredProduct":null,"isSponsoredFlag":false,"brand":"Mariani Packing","canonicalUrl":"/ip/Mariani-Dried-Fruit-No-Sugar-Added-Mediterranean-Dried-Apricots-16oz-Bag/34217405?athcpid=34217405\u0026athpgid=AthenaContentPage_4740967\u0026athcgid=null\u0026athznid=ItemCarousel_609cfcd5-94e8-49e0-a1a5-9da154517b3d_items\u0026athieid=v0\u0026athstid=CS020\u0026athguid=s-SwGJlwQKwJx4-cn3aD3PFfAgOp1Vtd9RFT\u0026athancid=null\u0026athena=true"},{"canAddToCart":false,"showOptions":true,"badge":{"id":"L1600","text":"Best seller","key":"BESTSELLER","type":"LABEL","rank":1,"styleId":null},"badgeGroups":[],"badges":{"flags":[{"key":"BESTSELLER","text":"Best seller","type":"LABEL","id":"L1600","rank":1,"styleId":null}],"labels":[],"tags":[{"key":"PICKUP","text":"Pickup","id":"L1001","rank":null},{"key":"DELIVERY","text":"Delivery","id":"L1002","rank":null}],"groups":[]},"earlyAccessEvent":false,"eventAttributes":{"specialBuy":false,"priceFlip":false},"flag":"Best seller","classType":"BVSHELL","fulfillmentBadges":["Pickup","Delivery"],"fulfillmentSpeed":null,"fulfillmentType":"STORE","id":"17179143","image":"https://i5.walmartimages.com/seo/Great-Value-Sweetened-Dried-Mango-Philippine-Grown-6-OZ_a03c5270-208c-4bb8-ad87-5ed90c602060.a5b8ed1d38d89a9f06a54f0974521a97.jpeg","isEarlyAccessItem":false,"isOutOfStock":false,"maxVisibleSwatchCount":4,"name":"Great Value Sweetened Dried Mango, Philippine Grown, 6 OZ","groupMetaData":null,"itemType":null,"pac":null,"offerId":"9FF39FB709FF4F859DA3AC1125EF4B7E","sellerId":"F55CDC31AB754BB68FE0B39041159D63","showSubscribe":false,"sellerName":null,"salesUnitType":"EACH","weightIncrement":1,"hasSellerBadge":null,"preOrder":{"streetDate":null,"streetDateDisplayable":null,"streetDateType":null,"isPreOrder":false,"preOrderMessage":null,"preOrderStreetDateMessage":null},"price":4.54,"priceInfo":{"linePrice":"$4.54","priceDisplayCondition":null,"minPriceForVariant":"","priceRangeString":"Options from $4.54 – $18.16","subscriptionString":"","linePriceDisplay":"$4.54","eaPricingPreText":""},"usItemId":"17179143","variantList":[],"isVariantTypeSwatch":false,"type":"BVSHELL","rating":{"averageRating":4.5,"numberOfReviews":429},"sponsoredProduct":null,"isSponsoredFlag":false,"brand":"Great Value","canonicalUrl":"/ip/Great-Value-Sweetened-Dried-Mango-Philippine-Grown-6-OZ/17179143?athcpid=17179143\u0026athpgid=AthenaContentPage_4740967\u0026athcgid=null\u0026athznid=ItemCarousel_609cfcd5-94e8-49e0-a1a5-9da154517b3d_items\u0026athieid=v0\u0026athstid=CS020\u0026athguid=s-SwGJlwQKwJx4-cn3aD3PFfAgOp1Vtd9RFT\u0026athancid=null\u0026athena=true\u0026athbdg=L1600"},{"canAddToCart":true,"showOptions":false,"badge":{"id":"L1600","text":"Best seller","key":"BESTSELLER","type":"LABEL","rank":1,"styleId":null},"badgeGroups":[],"badges":{"flags":[{"key":"BESTSELLER","text":"Best seller","type":"LABEL","id":"L1600","rank":1,"styleId":null}],"labels":[],"tags":[{"key":"PICKUP","text":"Pickup","id":"L1001","rank":null},{"key":"DELIVERY","text":"Delivery","id":"L1002","rank":null}],"groups":[]},"earlyAccessEvent":false,"eventAttributes":{"specialBuy":false,"priceFlip":false},"flag":"Best seller","classType":"REGULAR","fulfillmentBadges":["Pickup","Delivery"],"fulfillmentSpeed":null,"fulfillmentType":"STORE","id":"11025598","image":"https://i5.walmartimages.com/asr/5239bd74-c85d-4d08-b8da-c3bc7ef938c8.52a18c9d52147dd9c6402004a243dddd.jpeg","isEarlyAccessItem":false,"isOutOfStock":false,"maxVisibleSwatchCount":4,"name":"Fresh Clementines, 3 lb Bag","groupMetaData":null,"itemType":null,"pac":null,"offerId":"921BB9EA5D8F450EA812370E99DE0324","sellerId":"F55CDC31AB754BB68FE0B39041159D63","showSubscribe":false,"sellerName":null,"salesUnitType":"EACH","weightIncrement":1,"hasSellerBadge":null,"preOrder":{"streetDate":null,"streetDateDisplayable":null,"streetDateType":null,"isPreOrder":false,"preOrderMessage":null,"preOrderStreetDateMessage":null},"price":3.97,"priceInfo":{"linePrice":"$3.97","priceDisplayCondition":null,"unitPrice":"$1.32/lb","priceRangeString":"","subscriptionString":"","linePriceDisplay":"$3.97","eaPricingPreText":""},"usItemId":"11025598","variantList":[],"isVariantTypeSwatch":false,"type":"REGULAR","rating":{"averageRating":1.6,"numberOfReviews":2307},"sponsoredProduct":null,"isSponsoredFlag":false,"brand":"Fresh Produce","canonicalUrl":"/ip/Fresh-Clementines-3-lb-Bag/11025598?athcpid=11025598\u0026athpgid=AthenaContentPage_4740967\u0026athcgid=null\u0026athznid=ItemCarousel_609cfcd5-94e8-49e0-a1a5-9da154517b3d_items\u0026athieid=v0\u0026athstid=CS020\u0026athguid=s-SwGJlwQKwJx4-cn3aD3PFfAgOp1Vtd9RFT\u0026athancid=null\u0026athena=true\u0026athbdg=L1600"},{"canAddToCart":true,"showOptions":false,"badge":{"id":"L1600","text":"Best seller","key":"BESTSELLER","type":"LABEL","rank":1,"styleId":null},"badgeGroups":[],"badges":{"flags":[{"key":"BESTSELLER","text":"Best seller","type":"LABEL","id":"L1600","rank":1,"styleId":null}],"labels":[],"tags":[{"key":"PICKUP","text":"Pickup","id":"L1001","rank":null},{"key":"DELIVERY","text":"Delivery","id":"L1002","rank":null}],"groups":[]},"earlyAccessEvent":false,"eventAttributes":{"specialBuy":false,"priceFlip":false},"flag":"Best seller","classType":"REGULAR","fulfillmentBadges":["Pickup","Delivery"],"fulfillmentSpeed":null,"fulfillmentType":"STORE","id":"51259411","image":"https://i5.walmartimages.com/asr/b9f848d3-13f1-43d3-99db-33e17abb9c1c_1.987f0112fa028282b940a6502fc0db18.jpeg","isEarlyAccessItem":false,"isOutOfStock":false,"maxVisibleSwatchCount":4,"name":"Fresh Celery Stalk, Each","groupMetaData":null,"itemType":null,"pac":null,"offerId":"C75E518BFAB0469EBA0C86005095BC25","sellerId":"F55CDC31AB754BB68FE0B39041159D63","showSubscribe":false,"sellerName":null,"salesUnitType":"EACH","weightIncrement":1,"hasSellerBadge":null,"preOrder":{"streetDate":null,"streetDateDisplayable":null,"streetDateType":null,"isPreOrder":false,"preOrderMessage":null,"preOrderStreetDateMessage":null},"price":0.98,"priceInfo":{"linePrice":"$0.98","priceDisplayCondition":null,"wasPrice":"$2.08","priceRangeString":"","subscriptionString":"","savings":"SAVE $1.10","linePriceDisplay":"Now $0.98","eaPricingPreText":""},"usItemId":"51259411","variantList":[],"isVariantTypeSwatch":false,"type":"REGULAR","rating":{"averageRating":1.8,"numberOfReviews":2247},"sponsoredProduct":null,"isSponsoredFlag":false,"brand":"Fresh Produce","canonicalUrl":"/ip/Fresh-Celery-Stalk-Each/51259411?athcpid=51259411\u0026athpgid=AthenaContentPage_4740967\u0026athcgid=null\u0026athznid=ItemCarousel_609cfcd5-94e8-49e0-a1a5-9da154517b3d_items\u0026athieid=v0\u0026athstid=CS020\u0026athguid=s-SwGJlwQKwJx4-cn3aD3PFfAgOp1Vtd9RFT\u0026athancid=null\u0026athena=true\u0026athbdg=L1600"},{"canAddToCart":true,"showOptions":false,"badge":null,"badgeGroups":[],"badges":{"flags":null,"labels":[],"tags":[{"key":"PICKUP","text":"Pickup","id":"L1001","rank":null},{"key":"DELIVERY","text":"Delivery","id":"L1002","rank":null}],"groups":[]},"earlyAccessEvent":false,"eventAttributes":{"specialBuy":false,"priceFlip":false},"flag":"","classType":"REGULAR","fulfillmentBadges":["Pickup","Delivery"],"fulfillmentSpeed":null,"fulfillmentType":"STORE","id":"47314798","image":"https://i5.walmartimages.com/asr/cb53bc27-f467-4569-a6aa-f37a398f1d05_1.de0ff806baa995d2c33fa3f2cf893f7e.jpeg","isEarlyAccessItem":false,"isOutOfStock":false,"maxVisibleSwatchCount":4,"name":"Fresh Blackberries, 6 oz Container","groupMetaData":null,"itemType":null,"pac":null,"offerId":"CFB74D827558435E9CB6805AE0BE0CCA","sellerId":"F55CDC31AB754BB68FE0B39041159D63","showSubscribe":false,"sellerName":null,"salesUnitType":"EACH","weightIncrement":1,"hasSellerBadge":null,"preOrder":{"streetDate":null,"streetDateDisplayable":null,"streetDateType":null,"isPreOrder":false,"preOrderMessage":null,"preOrderStreetDateMessage":null},"price":2.57,"priceInfo":{"linePrice":"$2.57","priceDisplayCondition":null,"unitPrice":"42.8 ¢/oz","priceRangeString":"","subscriptionString":"","linePriceDisplay":"$2.57","eaPricingPreText":""},"usItemId":"47314798","variantList":[],"isVariantTypeSwatch":false,"type":"REGULAR","rating":{"averageRating":2.2,"numberOfReviews":1384},"sponsoredProduct":null,"isSponsoredFlag":false,"brand":"Fresh Produce","canonicalUrl":"/ip/Fresh-Blackberries-6-oz-Container/47314798?athcpid=47314798\u0026athpgid=AthenaContentPage_4740967\u0026athcgid=null\u0026athznid=ItemCarousel_609cfcd5-94e8-49e0-a1a5-9da154517b3d_items\u0026athieid=v0\u0026athstid=CS020\u0026athguid=s-SwGJlwQKwJx4-cn3aD3PFfAgOp1Vtd9RFT\u0026athancid=null\u0026athena=true"},{"canAddToCart":true,"showOptions":false,"badge":{"id":"L1600","text":"Best seller","key":"BESTSELLER","type":"LABEL","rank":1,"styleId":null},"badgeGroups":[],"badges":{"flags":[{"key":"BESTSELLER","text":"Best seller","type":"LABEL","id":"L1600","rank":1,"styleId":null}],"labels":[],"tags":[{"key":"PICKUP","text":"Pickup","id":"L1001","rank":null},{"key":"DELIVERY","text":"Delivery","id":"L1002","rank":null}],"groups":[]},"earlyAccessEvent":false,"eventAttributes":{"specialBuy":false,"priceFlip":false},"flag":"Best seller","classType":"REGULAR","fulfillmentBadges":["Pickup","Delivery"],"fulfillmentSpeed":null,"fulfillmentType":"STORE","id":"157250373","image":"https://i5.walmartimages.com/asr/a01cc0ea-2520-430f-9201-148c7d0dd070.97ae3ba9dbf8af398962667afff96bc2.jpeg","isEarlyAccessItem":false,"isOutOfStock":false,"maxVisibleSwatchCount":4,"name":"Freshness Guaranteed Pineapple Chunks, 16 oz","groupMetaData":null,"itemType":null,"pac":null,"offerId":"65CD15279BBD4754AD77A96943DE16ED","sellerId":"F55CDC31AB754BB68FE0B39041159D63","showSubscribe":false,"sellerName":null,"salesUnitType":"EACH","weightIncrement":1,"hasSellerBadge":null,"preOrder":{"streetDate":null,"streetDateDisplayable":null,"streetDateType":null,"isPreOrder":false,"preOrderMessage":null,"preOrderStreetDateMessage":null},"price":4.58,"priceInfo":{"linePrice":"$4.58","priceDisplayCondition":null,"unitPrice":"28.6 ¢/oz","priceRangeString":"","subscriptionString":"","linePriceDisplay":"$4.58","eaPricingPreText":""},"usItemId":"157250373","variantList":[],"isVariantTypeSwatch":false,"type":"REGULAR","rating":{"averageRating":1.9,"numberOfReviews":509},"sponsoredProduct":null,"isSponsoredFlag":false,"brand":"Fresh Produce","canonicalUrl":"/ip/Freshness-Guaranteed-Pineapple-Chunks-16-oz/157250373?athcpid=157250373\u0026athpgid=AthenaContentPage_4740967\u0026athcgid=null\u0026athznid=ItemCarousel_609cfcd5-94e8-49e0-a1a5-9da154517b3d_items\u0026athieid=v0\u0026athstid=CS020\u0026athguid=s-SwGJlwQKwJx4-cn3aD3PFfAgOp1Vtd9RFT\u0026athancid=null\u0026athena=true\u0026athbdg=L1600"},{"canAddToCart":true,"showOptions":false,"badge":null,"badgeGroups":[],"badges":{"flags":null,"labels":[],"tags":[{"key":"PICKUP","text":"Pickup","id":"L1001","rank":null},{"key":"DELIVERY","text":"Delivery","id":"L1002","rank":null}],"groups":[]},"earlyAccessEvent":false,"eventAttributes":{"specialBuy":false,"priceFlip":false},"flag":"","classType":"REGULAR","fulfillmentBadges":["Pickup","Delivery"],"fulfillmentSpeed":null,"fulfillmentType":"STORE","id":"44419690","image":"https://i5.walmartimages.com/asr/8a0d2e11-b935-4d3c-bf2a-601150d463bd.67af8874c92a49e9634c8a205a0a7bb8.jpeg","isEarlyAccessItem":false,"isOutOfStock":false,"maxVisibleSwatchCount":4,"name":"Fresh Mini Cucumbers, 16 oz","groupMetaData":null,"itemType":null,"pac":null,"offerId":"3504766242C54738BD3668493487B652","sellerId":"F55CDC31AB754BB68FE0B39041159D63","showSubscribe":false,"sellerName":null,"salesUnitType":"EACH","weightIncrement":1,"hasSellerBadge":null,"preOrder":{"streetDate":null,"streetDateDisplayable":null,"streetDateType":null,"isPreOrder":false,"preOrderMessage":null,"preOrderStreetDateMessage":null},"price":1.97,"priceInfo":{"linePrice":"$1.97","priceDisplayCondition":null,"unitPrice":"12.3 ¢/oz","priceRangeString":"","subscriptionString":"","linePriceDisplay":"$1.97","eaPricingPreText":""},"usItemId":"44419690","variantList":[],"isVariantTypeSwatch":false,"type":"REGULAR","rating":{"averageRating":1.6,"numberOfReviews":1828},"sponsoredProduct":null,"isSponsoredFlag":false,"brand":"Fresh Produce","canonicalUrl":"/ip/Fresh-Mini-Cucumbers-16-oz/44419690?athcpid=44419690\u0026athpgid=AthenaContentPage_4740967\u0026athcgid=null\u0026athznid=ItemCarousel_609cfcd5-94e8-49e0-a1a5-9da154517b3d_items\u0026athieid=v0\u0026athstid=CS020\u0026athguid=s-SwGJlwQKwJx4-cn3aD3PFfAgOp1Vtd9RFT\u0026athancid=null\u0026athena=true"},{"canAddToCart":true,"showOptions":false,"badge":{"id":"L1600","text":"Best seller","key":"BESTSELLER","type":"LABEL","rank":1,"styleId":null},"badgeGroups":[],"badges":{"flags":[{"key":"BESTSELLER","text":"Best seller","type":"LABEL","id":"L1600","rank":1,"styleId":null}],"labels":[],"tags":[{"key":"PICKUP","text":"Pickup","id":"L1001","rank":null},{"key":"DELIVERY","text":"Delivery","id":"L1002","rank":null}],"groups":[]},"earlyAccessEvent":false,"eventAttributes":{"specialBuy":false,"priceFlip":false},"flag":"Best seller","classType":"REGULAR","fulfillmentBadges":["Pickup","Delivery"],"fulfillmentSpeed":null,"fulfillmentType":"STORE","id":"10324377","image":"https://i5.walmartimages.com/asr/86b8822b-a781-4e5e-b439-032212359da1.cc303d7ac8053d380afa524d9e14373f.jpeg","isEarlyAccessItem":false,"isOutOfStock":false,"maxVisibleSwatchCount":4,"name":"Fresh Mini Sweet Peppers, 16 Ounce Bag","groupMetaData":null,"itemType":null,"pac":null,"offerId":"BB9AE02696B24113AE9FC20C9F512A05","sellerId":"F55CDC31AB754BB68FE0B39041159D63","showSubscribe":false,"sellerName":null,"salesUnitType":"EACH","weightIncrement":1,"hasSellerBadge":null,"preOrder":{"streetDate":null,"streetDateDisplayable":null,"streetDateType":null,"isPreOrder":false,"preOrderMessage":null,"preOrderStreetDateMessage":null},"price":3.24,"priceInfo":{"linePrice":"$3.24","priceDisplayCondition":null,"unitPrice":"20.3 ¢/oz","priceRangeString":"","subscriptionString":"","linePriceDisplay":"$3.24","eaPricingPreText":""},"usItemId":"10324377","variantList":[],"isVariantTypeSwatch":false,"type":"REGULAR","rating":{"averageRating":2.6,"numberOfReviews":356},"sponsoredProduct":null,"isSponsoredFlag":false,"brand":"Fresh Produce","canonicalUrl":"/ip/Fresh-Mini-Sweet-Peppers-16-Ounce-Bag/10324377?athcpid=10324377\u0026athpgid=AthenaContentPage_4740967\u0026athcgid=null\u0026athznid=ItemCarousel_609cfcd5-94e8-49e0-a1a5-9da154517b3d_items\u0026athieid=v0\u0026athstid=CS020\u0026athguid=s-SwGJlwQKwJx4-cn3aD3PFfAgOp1Vtd9RFT\u0026athancid=null\u0026athena=true\u0026athbdg=L1600"}]}},"publishedDate":1691391345215,"moduleId":"609cfcd5-94e8-49e0-a1a5-9da154517b3d","module_id":"609cfcd5-94e8-49e0-a1a5-9da154517b3d","matchedTrigger":{"pageType":"ContentPage","pageId":"4740967","zone":"contentZone12","inheritable":false}},{"name":"Item Carousel FY22 Q4 Add herb \u0026 nut accents","type":"ItemCarousel","version":8,"status":"published","schedule":{"start":null,"end":null,"priority":1,"expEnabled":false},"triggers":[{"pageType":"ContentPage","pageId":"4740967","zone":"contentZone8","inheritable":false}],"configs":{"__typename":"TempoWM_GLASSWWWItemCarouselConfigsV1","type":null,"title":"Add herb \u0026 nut accents","subTitle":null,"viewAllLink":null,"spBeaconInfo":null,"tileOptions":null,"productsConfig":{"products":[{"canAddToCart":true,"showOptions":false,"badge":{"id":"L1600","text":"Best seller","key":"BESTSELLER","type":"LABEL","rank":1,"styleId":null},"badgeGroups":[],"badges":{"flags":[{"key":"BESTSELLER","text":"Best seller","type":"LABEL","id":"L1600","rank":1,"styleId":null}],"labels":[],"tags":[{"key":"PICKUP","text":"Pickup","id":"L1001","rank":null},{"key":"DELIVERY","text":"Delivery","id":"L1002","rank":null},{"key":"ONE_DAY_SHIPPING","text":"1-day shipping","id":"L1003","rank":null}],"groups":[]},"earlyAccessEvent":false,"eventAttributes":{"specialBuy":false,"priceFlip":false},"flag":"Best seller","classType":"REGULAR","fulfillmentBadges":["Pickup","Delivery","1-day shipping"],"fulfillmentSpeed":null,"fulfillmentType":"FC","id":"218787293","image":"https://i5.walmartimages.com/seo/Great-Value-Deluxe-Mixed-Nuts-30-oz_be351e2a-8c10-43bc-9697-3dac76a26b00.ac26dd39c280204e0a9624e3d710890b.jpeg","isEarlyAccessItem":false,"isOutOfStock":false,"maxVisibleSwatchCount":4,"name":"Great Value Deluxe Mixed Nuts, 30 oz","groupMetaData":null,"itemType":null,"pac":null,"unsheduled_Delivery_SLA":null,"offerId":"896E9DD07917491CBE1A2F756696868F","sellerId":"F55CDC31AB754BB68FE0B39041159D63","showSubscribe":false,"sellerName":"Walmart.com","salesUnitType":"EACH","weightIncrement":1,"hasSellerBadge":null,"preOrder":{"streetDate":null,"streetDateDisplayable":null,"streetDateType":null,"isPreOrder":false,"preOrderMessage":null,"preOrderStreetDateMessage":null},"price":14.98,"priceInfo":{"linePrice":"$14.98","priceDisplayCondition":null,"unitPrice":"49.9 ¢/oz","minPriceForVariant":null,"priceRangeString":"","subscriptionString":"","linePriceDisplay":"$14.98","eaPricingPreText":""},"usItemId":"218787293","variantList":[],"isVariantTypeSwatch":false,"type":"REGULAR","rating":{"averageRating":3.6,"numberOfReviews":137},"sponsoredProduct":null,"isSponsoredFlag":false,"brand":"Great Value","canonicalUrl":"/ip/Great-Value-Deluxe-Mixed-Nuts-30-oz/218787293"},{"canAddToCart":true,"showOptions":false,"badge":null,"badgeGroups":[],"badges":{"flags":null,"labels":null,"tags":[],"groups":[{"__typename":"UnifiedBadgeGroup","name":"fulfillment","members":[]}]},"earlyAccessEvent":false,"eventAttributes":{"specialBuy":false,"priceFlip":false},"flag":"","classType":"VARIANT","fulfillmentBadges":[],"fulfillmentSpeed":null,"fulfillmentType":"FC","id":"499527722","image":"https://i5.walmartimages.com/seo/Great-Value-Chopped-Macadamia-Nuts-4-oz_81547b96-80d0-4f06-adfd-577834f1a58b.95efae6acc16978b2697ba5808e71af9.jpeg","isEarlyAccessItem":false,"isOutOfStock":false,"maxVisibleSwatchCount":4,"name":"Great Value Chopped Macadamia Nuts, 4 oz","groupMetaData":null,"itemType":null,"pac":null,"unsheduled_Delivery_SLA":null,"offerId":"90C53698819A47599C6EF8EA0A292E3D","sellerId":"F55CDC31AB754BB68FE0B39041159D63","showSubscribe":false,"sellerName":"Walmart.com","salesUnitType":"EACH","weightIncrement":1,"hasSellerBadge":null,"preOrder":{"streetDate":null,"streetDateDisplayable":null,"streetDateType":null,"isPreOrder":false,"preOrderMessage":null,"preOrderStreetDateMessage":null},"price":4.13,"priceInfo":{"linePrice":"$4.13","priceDisplayCondition":null,"unitPrice":"$1.03/oz","minPriceForVariant":null,"priceRangeString":"","subscriptionString":"","linePriceDisplay":"$4.13","eaPricingPreText":""},"usItemId":"499527722","variantList":[],"isVariantTypeSwatch":false,"type":"VARIANT","rating":{"averageRating":1.9,"numberOfReviews":171},"sponsoredProduct":null,"isSponsoredFlag":false,"brand":"Great Value","canonicalUrl":"/ip/Great-Value-Chopped-Macadamia-Nuts-4-oz/499527722"},{"canAddToCart":true,"showOptions":false,"badge":null,"badgeGroups":[],"badges":{"flags":null,"labels":null,"tags":[],"groups":[{"__typename":"UnifiedBadgeGroup","name":"fulfillment","members":[]}]},"earlyAccessEvent":false,"eventAttributes":{"specialBuy":false,"priceFlip":false},"flag":"","classType":"REGULAR","fulfillmentBadges":[],"fulfillmentSpeed":null,"fulfillmentType":"STORE","id":"20435164","image":"https://i5.walmartimages.com/seo/Planters-Mixed-Nuts-Less-Than-50-Peanuts-with-Peanuts-Almonds-Cashews-Hazelnuts-Pecans-10-3-oz-Canister_554d3197-02c5-4117-ae47-2dc5392b8379.2569dcecce69a411af567745491e8dab.jpeg","isEarlyAccessItem":false,"isOutOfStock":false,"maxVisibleSwatchCount":4,"name":"Planters Mixed Nuts Less Than 50% Peanuts with Peanuts, Almonds, Cashews, Hazelnuts \u0026 Pecans, 10.3 oz Canister","groupMetaData":null,"itemType":null,"pac":null,"unsheduled_Delivery_SLA":null,"offerId":"82FC65344F0043CCAB70B04D911990E0","sellerId":"F55CDC31AB754BB68FE0B39041159D63","showSubscribe":false,"sellerName":"Walmart.com","salesUnitType":"EACH","weightIncrement":1,"hasSellerBadge":null,"preOrder":{"streetDate":null,"streetDateDisplayable":null,"streetDateType":null,"isPreOrder":false,"preOrderMessage":null,"preOrderStreetDateMessage":null},"price":4.98,"priceInfo":{"linePrice":"$4.98","priceDisplayCondition":null,"unitPrice":"48.3 ¢/oz","minPriceForVariant":null,"priceRangeString":"","subscriptionString":"","linePriceDisplay":"$4.98","eaPricingPreText":""},"usItemId":"20435164","variantList":[],"isVariantTypeSwatch":false,"type":"REGULAR","rating":{"averageRating":3.9,"numberOfReviews":653},"sponsoredProduct":null,"isSponsoredFlag":false,"brand":"Planters","canonicalUrl":"/ip/Planters-Mixed-Nuts-Less-Than-50-Peanuts-with-Peanuts-Almonds-Cashews-Hazelnuts-Pecans-10-3-oz-Canister/20435164"},{"canAddToCart":true,"showOptions":false,"badge":null,"badgeGroups":[],"badges":{"flags":null,"labels":null,"tags":[],"groups":[{"__typename":"UnifiedBadgeGroup","name":"fulfillment","members":[]}]},"earlyAccessEvent":false,"eventAttributes":{"specialBuy":false,"priceFlip":false},"flag":"","classType":"REGULAR","fulfillmentBadges":[],"fulfillmentSpeed":null,"fulfillmentType":"FC","id":"364798995","image":"https://i5.walmartimages.com/seo/Great-Value-Deluxe-Whole-Cashews-30-oz_dab60dbb-241f-48fe-a055-d4ec77e6d361.19490b59cf0e69d7880fb38957eb7b33.jpeg","isEarlyAccessItem":false,"isOutOfStock":false,"maxVisibleSwatchCount":4,"name":"Great Value Deluxe Whole Cashews, 30 oz","groupMetaData":null,"itemType":null,"pac":null,"unsheduled_Delivery_SLA":null,"offerId":"5508AC0C606A44B08CB143DD9F21572E","sellerId":"F55CDC31AB754BB68FE0B39041159D63","showSubscribe":false,"sellerName":"Walmart.com","salesUnitType":"EACH","weightIncrement":1,"hasSellerBadge":null,"preOrder":{"streetDate":null,"streetDateDisplayable":null,"streetDateType":null,"isPreOrder":false,"preOrderMessage":null,"preOrderStreetDateMessage":null},"price":14.78,"priceInfo":{"linePrice":"$14.78","priceDisplayCondition":null,"unitPrice":"49.3 ¢/oz","minPriceForVariant":null,"priceRangeString":"","subscriptionString":"","linePriceDisplay":"$14.78","eaPricingPreText":""},"usItemId":"364798995","variantList":[],"isVariantTypeSwatch":false,"type":"REGULAR","rating":{"averageRating":4.5,"numberOfReviews":1260},"sponsoredProduct":null,"isSponsoredFlag":false,"brand":"Great Value","canonicalUrl":"/ip/Great-Value-Deluxe-Whole-Cashews-30-oz/364798995"},{"canAddToCart":true,"showOptions":false,"badge":null,"badgeGroups":[],"badges":{"flags":null,"labels":null,"tags":[],"groups":[{"__typename":"UnifiedBadgeGroup","name":"fulfillment","members":[]}]},"earlyAccessEvent":false,"eventAttributes":{"specialBuy":false,"priceFlip":false},"flag":"","classType":"REGULAR","fulfillmentBadges":[],"fulfillmentSpeed":null,"fulfillmentType":"STORE","id":"44391167","image":"https://i5.walmartimages.com/seo/Fresh-Curly-Parsley-Bunch-Each_7aef0185-b42c-4b90-aaaf-48eefc101ba2.985ed9881b0a6d0cb308dc5d923c3433.jpeg","isEarlyAccessItem":false,"isOutOfStock":false,"maxVisibleSwatchCount":4,"name":"Fresh Curly Parsley Bunch, Each","groupMetaData":null,"itemType":null,"pac":null,"offerId":"674F98840CC24204B6B7F7D3ACA645FC","sellerId":"F55CDC31AB754BB68FE0B39041159D63","showSubscribe":false,"sellerName":"Walmart.com","salesUnitType":"EACH","weightIncrement":1,"hasSellerBadge":null,"preOrder":{"streetDate":null,"streetDateDisplayable":null,"streetDateType":null,"isPreOrder":false,"preOrderMessage":null,"preOrderStreetDateMessage":null},"price":0.88,"priceInfo":{"linePrice":"$0.88","priceDisplayCondition":null,"minPriceForVariant":null,"priceRangeString":"","subscriptionString":"","linePriceDisplay":"$0.88","eaPricingPreText":""},"usItemId":"44391167","variantList":[],"isVariantTypeSwatch":false,"type":"REGULAR","rating":{"averageRating":1.7,"numberOfReviews":204},"sponsoredProduct":null,"isSponsoredFlag":false,"brand":"Fresh Produce","canonicalUrl":"/ip/Fresh-Curly-Parsley-Bunch-Each/44391167"},{"canAddToCart":true,"showOptions":false,"badge":null,"badgeGroups":[],"badges":{"flags":null,"labels":null,"tags":[],"groups":[{"__typename":"UnifiedBadgeGroup","name":"fulfillment","members":[]}]},"earlyAccessEvent":false,"eventAttributes":{"specialBuy":false,"priceFlip":false},"flag":"","classType":"REGULAR","fulfillmentBadges":[],"fulfillmentSpeed":null,"fulfillmentType":"FC","id":"10448380","image":"https://i5.walmartimages.com/seo/Great-Value-Honey-Roasted-Peanuts-34-5-oz_0bef63b6-6d73-4106-b572-0e65983fdf7e.204f05dd6d0ecd0aaafd6234f1b9ec01.jpeg","isEarlyAccessItem":false,"isOutOfStock":false,"maxVisibleSwatchCount":4,"name":"Great Value Honey Roasted Peanuts, 34.5 oz","groupMetaData":null,"itemType":null,"pac":null,"unsheduled_Delivery_SLA":null,"offerId":"561837C44AA74D7AA06C0A34549D0DD8","sellerId":"F55CDC31AB754BB68FE0B39041159D63","showSubscribe":false,"sellerName":"Walmart.com","salesUnitType":"EACH","weightIncrement":1,"hasSellerBadge":null,"preOrder":{"streetDate":null,"streetDateDisplayable":null,"streetDateType":null,"isPreOrder":false,"preOrderMessage":null,"preOrderStreetDateMessage":null},"price":4.68,"priceInfo":{"linePrice":"$4.68","priceDisplayCondition":null,"unitPrice":"13.6 ¢/oz","minPriceForVariant":null,"priceRangeString":"","subscriptionString":"","linePriceDisplay":"$4.68","eaPricingPreText":""},"usItemId":"10448380","variantList":[],"isVariantTypeSwatch":false,"type":"REGULAR","rating":{"averageRating":4.7,"numberOfReviews":1173},"sponsoredProduct":null,"isSponsoredFlag":false,"brand":"Great Value","canonicalUrl":"/ip/Great-Value-Honey-Roasted-Peanuts-34-5-oz/10448380"}]}},"publishedDate":1699993583594,"moduleId":"6041dc35-2087-4506-bfe7-9cf8c7e3bc2e","module_id":"6041dc35-2087-4506-bfe7-9cf8c7e3bc2e","matchedTrigger":{"pageType":"ContentPage","pageId":"4740967","zone":"contentZone8","inheritable":false}},{"name":"Item Carousel FY22 Q4 Grab your basics","type":"ItemCarousel","version":15,"status":"published","schedule":{"start":null,"end":null,"priority":1,"expEnabled":false},"triggers":[{"pageType":"ContentPage","pageId":"4740967","zone":"topZone4","inheritable":false}],"configs":{"__typename":"TempoWM_GLASSWWWItemCarouselConfigsV1","type":null,"title":"Grab your basics","subTitle":null,"viewAllLink":null,"spBeaconInfo":null,"tileOptions":null,"productsConfig":{"products":[{"canAddToCart":true,"showOptions":false,"badge":{"id":"L1600","text":"Best seller","key":"BESTSELLER","type":"LABEL","rank":1,"styleId":null},"badgeGroups":[],"badges":{"flags":[{"key":"BESTSELLER","text":"Best seller","type":"LABEL","id":"L1600","rank":1,"styleId":null}],"labels":[],"tags":[{"key":"PICKUP","text":"Pickup","id":"L1001","rank":null},{"key":"DELIVERY","text":"Delivery","id":"L1002","rank":null},{"key":"ONE_DAY_SHIPPING","text":"1-day shipping","id":"L1003","rank":null}],"groups":[]},"earlyAccessEvent":false,"eventAttributes":{"specialBuy":false,"priceFlip":false},"flag":"Best seller","classType":"REGULAR","fulfillmentBadges":["Pickup","Delivery","1-day shipping"],"fulfillmentSpeed":null,"fulfillmentType":"STORE","id":"2084915545","image":"https://i5.walmartimages.com/asr/d8237a65-26e5-40e7-8c6c-71a2ee4c503a.9a0ab16e7c310e40330ecc2adcf75ff6.jpeg","isEarlyAccessItem":false,"isOutOfStock":false,"maxVisibleSwatchCount":4,"name":"Blue Diamond Double Dark Chocolate Thin Dipped Almonds","groupMetaData":null,"itemType":null,"pac":null,"unsheduled_Delivery_SLA":null,"offerId":"26DA2FB6F42C4A6CAE65CFE15B0FE6DD","sellerId":"F55CDC31AB754BB68FE0B39041159D63","showSubscribe":false,"sellerName":null,"salesUnitType":"EACH","weightIncrement":1,"hasSellerBadge":null,"preOrder":{"streetDate":null,"streetDateDisplayable":null,"streetDateType":null,"isPreOrder":false,"preOrderMessage":null,"preOrderStreetDateMessage":null},"price":3.48,"priceInfo":{"linePrice":"$3.48","priceDisplayCondition":null,"unitPrice":"87.0 ¢/ounces","priceRangeString":"","subscriptionString":"","linePriceDisplay":"$3.48","eaPricingPreText":""},"usItemId":"2084915545","variantList":[],"isVariantTypeSwatch":false,"type":"REGULAR","rating":{"averageRating":4.8,"numberOfReviews":146},"sponsoredProduct":null,"isSponsoredFlag":false,"brand":"Blue Diamond","canonicalUrl":"/ip/Blue-Diamond-Double-Dark-Chocolate-Thin-Dipped-Almonds/2084915545?athcpid=2084915545\u0026athpgid=AthenaContentPage_4740967\u0026athcgid=null\u0026athznid=ItemCarousel_8be9204f-7390-42fd-b2c1-ee10ccdca1fe_items\u0026athieid=v0\u0026athstid=CS020\u0026athguid=s-SwGJlwQKwJx4-cn3aD3PFfAgOp1Vtd9RFT\u0026athancid=null\u0026athena=true\u0026athbdg=L1600"},{"canAddToCart":true,"showOptions":false,"badge":null,"badgeGroups":[],"badges":{"flags":null,"labels":[],"tags":[{"key":"PICKUP","text":"Pickup","id":"L1001","rank":null},{"key":"DELIVERY","text":"Delivery","id":"L1002","rank":null}],"groups":[]},"earlyAccessEvent":false,"eventAttributes":{"specialBuy":false,"priceFlip":false},"flag":"","classType":"REGULAR","fulfillmentBadges":["Pickup","Delivery"],"fulfillmentSpeed":null,"fulfillmentType":"STORE","id":"843408927","image":"https://i5.walmartimages.com/asr/3a40aced-7803-4f6a-94bd-ea62d9ba03fb.ffaaa248a45d20133562c3498d3eba5e.jpeg","isEarlyAccessItem":false,"isOutOfStock":false,"maxVisibleSwatchCount":4,"name":"Prima Della Pepperoni, Pre-Sliced","groupMetaData":null,"itemType":null,"pac":null,"offerId":"44CB795731334DADB43BC43EB76D9EF1","sellerId":"F55CDC31AB754BB68FE0B39041159D63","showSubscribe":false,"sellerName":null,"salesUnitType":"PACK_WEIGHT","weightIncrement":1,"hasSellerBadge":null,"preOrder":{"streetDate":null,"streetDateDisplayable":null,"streetDateType":null,"isPreOrder":false,"preOrderMessage":null,"preOrderStreetDateMessage":null},"price":4.39,"priceInfo":{"linePrice":"$4.39","priceDisplayCondition":" avg price","unitPrice":"$8.77/lb","priceRangeString":"","subscriptionString":"","linePriceDisplay":"$4.39","eaPricingPreText":""},"usItemId":"843408927","variantList":[],"isVariantTypeSwatch":false,"type":"REGULAR","rating":{"averageRating":0,"numberOfReviews":0},"sponsoredProduct":null,"isSponsoredFlag":false,"brand":"Prima Della","canonicalUrl":"/ip/Prima-Della-Pepperoni-Pre-Sliced/843408927?athcpid=843408927\u0026athpgid=AthenaContentPage_4740967\u0026athcgid=null\u0026athznid=ItemCarousel_8be9204f-7390-42fd-b2c1-ee10ccdca1fe_items\u0026athieid=v0\u0026athstid=CS020\u0026athguid=s-SwGJlwQKwJx4-cn3aD3PFfAgOp1Vtd9RFT\u0026athancid=null\u0026athena=true"},{"canAddToCart":true,"showOptions":false,"badge":{"id":"L1600","text":"Best seller","key":"BESTSELLER","type":"LABEL","rank":1,"styleId":null},"badgeGroups":[],"badges":{"flags":[{"key":"BESTSELLER","text":"Best seller","type":"LABEL","id":"L1600","rank":1,"styleId":null}],"labels":[],"tags":[{"key":"PICKUP","text":"Pickup","id":"L1001","rank":null},{"key":"DELIVERY","text":"Delivery","id":"L1002","rank":null}],"groups":[]},"earlyAccessEvent":false,"eventAttributes":{"specialBuy":false,"priceFlip":false},"flag":"Best seller","classType":"REGULAR","fulfillmentBadges":["Pickup","Delivery"],"fulfillmentSpeed":null,"fulfillmentType":"STORE","id":"161115457","image":"https://i5.walmartimages.com/asr/66ee489f-0ddc-43b4-99ce-07c0a7bf886e_1.b805f72f3cafb54c77a036a6ab6f4ed4.jpeg","isEarlyAccessItem":false,"isOutOfStock":false,"maxVisibleSwatchCount":4,"name":"Fresh Blueberries, 18 oz Container","groupMetaData":null,"itemType":null,"pac":null,"offerId":"438CA2D96FA9421EAB1D81587F1F7556","sellerId":"F55CDC31AB754BB68FE0B39041159D63","showSubscribe":false,"sellerName":null,"salesUnitType":"EACH","weightIncrement":1,"hasSellerBadge":null,"preOrder":{"streetDate":null,"streetDateDisplayable":null,"streetDateType":null,"isPreOrder":false,"preOrderMessage":null,"preOrderStreetDateMessage":null},"price":6.84,"priceInfo":{"linePrice":"$6.84","priceDisplayCondition":null,"unitPrice":"38.0 ¢/oz","priceRangeString":"","subscriptionString":"","linePriceDisplay":"$6.84","eaPricingPreText":""},"usItemId":"161115457","variantList":[],"isVariantTypeSwatch":false,"type":"REGULAR","rating":{"averageRating":2.2,"numberOfReviews":891},"sponsoredProduct":null,"isSponsoredFlag":false,"brand":"Fresh Produce","canonicalUrl":"/ip/Fresh-Blueberries-18-oz-Container/161115457?athcpid=161115457\u0026athpgid=AthenaContentPage_4740967\u0026athcgid=null\u0026athznid=ItemCarousel_8be9204f-7390-42fd-b2c1-ee10ccdca1fe_items\u0026athieid=v0\u0026athstid=CS020\u0026athguid=s-SwGJlwQKwJx4-cn3aD3PFfAgOp1Vtd9RFT\u0026athancid=null\u0026athena=true\u0026athbdg=L1600"},{"canAddToCart":true,"showOptions":false,"badge":{"id":"L1600","text":"Best seller","key":"BESTSELLER","type":"LABEL","rank":1,"styleId":null},"badgeGroups":[],"badges":{"flags":[{"key":"BESTSELLER","text":"Best seller","type":"LABEL","id":"L1600","rank":1,"styleId":null}],"labels":[],"tags":[{"key":"PICKUP","text":"Pickup","id":"L1001","rank":null},{"key":"DELIVERY","text":"Delivery","id":"L1002","rank":null}],"groups":[]},"earlyAccessEvent":false,"eventAttributes":{"specialBuy":false,"priceFlip":false},"flag":"Best seller","classType":"REGULAR","fulfillmentBadges":["Pickup","Delivery"],"fulfillmentSpeed":null,"fulfillmentType":"STORE","id":"314637921","image":"https://i5.walmartimages.com/asr/95539f44-ba0b-47dc-84bb-6957c0ef6a2c.647131c4620e6b2fed44d5be4c21f7a9.jpeg","isEarlyAccessItem":false,"isOutOfStock":false,"maxVisibleSwatchCount":4,"name":"Great Value Entertainment Cracker Selection, 13.1 Oz.","groupMetaData":null,"itemType":null,"pac":null,"offerId":"704620D0AE8E4795A4013ECECB84BDF7","sellerId":"F55CDC31AB754BB68FE0B39041159D63","showSubscribe":false,"sellerName":null,"salesUnitType":"EACH","weightIncrement":1,"hasSellerBadge":null,"preOrder":{"streetDate":null,"streetDateDisplayable":null,"streetDateType":null,"isPreOrder":false,"preOrderMessage":null,"preOrderStreetDateMessage":null},"price":4.28,"priceInfo":{"linePrice":"$4.28","priceDisplayCondition":null,"unitPrice":"32.7 ¢/oz","priceRangeString":"","subscriptionString":"","linePriceDisplay":"$4.28","eaPricingPreText":""},"usItemId":"314637921","variantList":[],"isVariantTypeSwatch":false,"type":"REGULAR","rating":{"averageRating":3.8,"numberOfReviews":255},"sponsoredProduct":null,"isSponsoredFlag":false,"brand":"Great Value","canonicalUrl":"/ip/Great-Value-Entertainment-Cracker-Selection-13-1-Oz/314637921?athcpid=314637921\u0026athpgid=AthenaContentPage_4740967\u0026athcgid=null\u0026athznid=ItemCarousel_8be9204f-7390-42fd-b2c1-ee10ccdca1fe_items\u0026athieid=v0\u0026athstid=CS020\u0026athguid=s-SwGJlwQKwJx4-cn3aD3PFfAgOp1Vtd9RFT\u0026athancid=null\u0026athena=true\u0026athbdg=L1600"},{"canAddToCart":true,"showOptions":false,"badge":{"id":"L1600","text":"Best seller","key":"BESTSELLER","type":"LABEL","rank":1,"styleId":null},"badgeGroups":[],"badges":{"flags":[{"key":"BESTSELLER","text":"Best seller","type":"LABEL","id":"L1600","rank":1,"styleId":null}],"labels":[],"tags":[{"key":"PICKUP","text":"Pickup","id":"L1001","rank":null},{"key":"DELIVERY","text":"Delivery","id":"L1002","rank":null},{"key":"ONE_DAY_SHIPPING","text":"1-day shipping","id":"L1003","rank":null}],"groups":[]},"earlyAccessEvent":false,"eventAttributes":{"specialBuy":false,"priceFlip":false},"flag":"Best seller","classType":"VARIANT","fulfillmentBadges":["Pickup","Delivery","1-day shipping"],"fulfillmentSpeed":null,"fulfillmentType":"STORE","id":"1454884177","image":"https://i5.walmartimages.com/seo/Blue-Diamond-Dark-Chocolate-Sea-Salt-Caramel-Thin-Dipped-Almonds_f6bfa494-6c61-4fb3-afe0-de5a62da51fd.bf1707729773d43f8c857fda3c29db41.jpeg","isEarlyAccessItem":false,"isOutOfStock":false,"maxVisibleSwatchCount":4,"name":"Blue Diamond Dark Chocolate Sea Salt Caramel Thin Dipped Almonds","groupMetaData":null,"itemType":null,"pac":null,"unsheduled_Delivery_SLA":null,"offerId":"773D7C132D5A43E29BDE3116FCBD41AB","sellerId":"F55CDC31AB754BB68FE0B39041159D63","showSubscribe":false,"sellerName":null,"salesUnitType":"EACH","weightIncrement":1,"hasSellerBadge":null,"preOrder":{"streetDate":null,"streetDateDisplayable":null,"streetDateType":null,"isPreOrder":false,"preOrderMessage":null,"preOrderStreetDateMessage":null},"price":3.48,"priceInfo":{"linePrice":"$3.48","priceDisplayCondition":null,"unitPrice":"87.0 ¢/ounces","priceRangeString":"","subscriptionString":"","linePriceDisplay":"$3.48","eaPricingPreText":""},"usItemId":"1454884177","variantList":[null,null],"isVariantTypeSwatch":false,"type":"VARIANT","rating":{"averageRating":4.8,"numberOfReviews":159},"sponsoredProduct":null,"isSponsoredFlag":false,"brand":"Blue Diamond","canonicalUrl":"/ip/Blue-Diamond-Dark-Chocolate-Sea-Salt-Caramel-Thin-Dipped-Almonds/1454884177?athcpid=1454884177\u0026athpgid=AthenaContentPage_4740967\u0026athcgid=null\u0026athznid=ItemCarousel_8be9204f-7390-42fd-b2c1-ee10ccdca1fe_items\u0026athieid=v0\u0026athstid=CS020\u0026athguid=s-SwGJlwQKwJx4-cn3aD3PFfAgOp1Vtd9RFT\u0026athancid=null\u0026athena=true\u0026athbdg=L1600"},{"canAddToCart":true,"showOptions":false,"badge":{"id":"L1600","text":"Best seller","key":"BESTSELLER","type":"LABEL","rank":1,"styleId":null},"badgeGroups":[],"badges":{"flags":[{"key":"BESTSELLER","text":"Best seller","type":"LABEL","id":"L1600","rank":1,"styleId":null}],"labels":[],"tags":[{"key":"PICKUP","text":"Pickup","id":"L1001","rank":null},{"key":"DELIVERY","text":"Delivery","id":"L1002","rank":null}],"groups":[]},"earlyAccessEvent":false,"eventAttributes":{"specialBuy":false,"priceFlip":false},"flag":"Best seller","classType":"REGULAR","fulfillmentBadges":["Pickup","Delivery"],"fulfillmentSpeed":null,"fulfillmentType":"STORE","id":"49409657","image":"https://i5.walmartimages.com/asr/a06ecb71-83e8-4816-b316-241b3558ecad.5be01097a86be27b01a7b02f47f32aee.jpeg","isEarlyAccessItem":false,"isOutOfStock":false,"maxVisibleSwatchCount":4,"name":"Hillshire Farm Hardwood Smoked Summer Sausage, 20 oz","groupMetaData":null,"itemType":null,"pac":null,"offerId":"EC791743C5924D37BA2A01565E6EFA7C","sellerId":"F55CDC31AB754BB68FE0B39041159D63","showSubscribe":false,"sellerName":null,"salesUnitType":"EACH","weightIncrement":1,"hasSellerBadge":null,"preOrder":{"streetDate":null,"streetDateDisplayable":null,"streetDateType":null,"isPreOrder":false,"preOrderMessage":null,"preOrderStreetDateMessage":null},"price":6.97,"priceInfo":{"linePrice":"$6.97","priceDisplayCondition":null,"unitPrice":"$5.58/lb","priceRangeString":"","subscriptionString":"","linePriceDisplay":"$6.97","eaPricingPreText":""},"usItemId":"49409657","variantList":[],"isVariantTypeSwatch":false,"type":"REGULAR","rating":{"averageRating":4.1,"numberOfReviews":214},"sponsoredProduct":null,"isSponsoredFlag":false,"brand":"Hillshire Farm","canonicalUrl":"/ip/Hillshire-Farm-Hardwood-Smoked-Summer-Sausage-20-oz/49409657?athcpid=49409657\u0026athpgid=AthenaContentPage_4740967\u0026athcgid=null\u0026athznid=ItemCarousel_8be9204f-7390-42fd-b2c1-ee10ccdca1fe_items\u0026athieid=v0\u0026athstid=CS020\u0026athguid=s-SwGJlwQKwJx4-cn3aD3PFfAgOp1Vtd9RFT\u0026athancid=null\u0026athena=true\u0026athbdg=L1600"},{"canAddToCart":true,"showOptions":false,"badge":null,"badgeGroups":[],"badges":{"flags":null,"labels":[],"tags":[{"key":"PICKUP","text":"Pickup","id":"L1001","rank":null},{"key":"DELIVERY","text":"Delivery","id":"L1002","rank":null}],"groups":[]},"earlyAccessEvent":false,"eventAttributes":{"specialBuy":false,"priceFlip":false},"flag":"","classType":"REGULAR","fulfillmentBadges":["Pickup","Delivery"],"fulfillmentSpeed":null,"fulfillmentType":"STORE","id":"44391106","image":"https://i5.walmartimages.com/asr/775ca8fe-f1b2-4ae0-8f31-8c1925648e01.7b44a684d1323f70a20abf1d46efa0c0.jpeg","isEarlyAccessItem":false,"isOutOfStock":false,"maxVisibleSwatchCount":4,"name":"Red Apple Cheese Apple Smoked Natural Gouda, 8 oz Round","groupMetaData":null,"itemType":null,"pac":null,"offerId":"74151B5764554E28BCA803797E359EE1","sellerId":"F55CDC31AB754BB68FE0B39041159D63","showSubscribe":false,"sellerName":null,"salesUnitType":"EACH","weightIncrement":1,"hasSellerBadge":null,"preOrder":{"streetDate":null,"streetDateDisplayable":null,"streetDateType":null,"isPreOrder":false,"preOrderMessage":null,"preOrderStreetDateMessage":null},"price":4.24,"priceInfo":{"linePrice":"$4.24","priceDisplayCondition":null,"unitPrice":"$4.24/ea","priceRangeString":"","subscriptionString":"","linePriceDisplay":"$4.24","eaPricingPreText":""},"usItemId":"44391106","variantList":[],"isVariantTypeSwatch":false,"type":"REGULAR","rating":{"averageRating":4.1,"numberOfReviews":70},"sponsoredProduct":null,"isSponsoredFlag":false,"brand":"Red Apple Cheese","canonicalUrl":"/ip/Red-Apple-Cheese-Apple-Smoked-Natural-Gouda-8-oz-Round/44391106?athcpid=44391106\u0026athpgid=AthenaContentPage_4740967\u0026athcgid=null\u0026athznid=ItemCarousel_8be9204f-7390-42fd-b2c1-ee10ccdca1fe_items\u0026athieid=v0\u0026athstid=CS020\u0026athguid=s-SwGJlwQKwJx4-cn3aD3PFfAgOp1Vtd9RFT\u0026athancid=null\u0026athena=true"},{"canAddToCart":true,"showOptions":false,"badge":{"id":"L1600","text":"Best seller","key":"BESTSELLER","type":"LABEL","rank":1,"styleId":null},"badgeGroups":[],"badges":{"flags":[{"key":"BESTSELLER","text":"Best seller","type":"LABEL","id":"L1600","rank":1,"styleId":null}],"labels":[],"tags":[{"key":"PICKUP","text":"Pickup","id":"L1001","rank":null},{"key":"DELIVERY","text":"Delivery","id":"L1002","rank":null}],"groups":[]},"earlyAccessEvent":false,"eventAttributes":{"specialBuy":false,"priceFlip":false},"flag":"Best seller","classType":"REGULAR","fulfillmentBadges":["Pickup","Delivery"],"fulfillmentSpeed":null,"fulfillmentType":"STORE","id":"11046065","image":"https://i5.walmartimages.com/asr/515037c7-54b0-483e-ba47-ed0e832b61c8.880e4d56d92c01f85d727c48ca344652.jpeg","isEarlyAccessItem":false,"isOutOfStock":false,"maxVisibleSwatchCount":4,"name":"Boursin Garlic \u0026 Fine Herbs Spreadable Gournay Cheese, 5.2 oz., Puck in a Box. Refrigerated","groupMetaData":null,"itemType":null,"pac":null,"offerId":"A96B1C62E5B3414A8F889EB4E2E50CE9","sellerId":"F55CDC31AB754BB68FE0B39041159D63","showSubscribe":false,"sellerName":null,"salesUnitType":"EACH","weightIncrement":1,"hasSellerBadge":null,"preOrder":{"streetDate":null,"streetDateDisplayable":null,"streetDateType":null,"isPreOrder":false,"preOrderMessage":null,"preOrderStreetDateMessage":null},"price":5.26,"priceInfo":{"linePrice":"$5.26","priceDisplayCondition":null,"unitPrice":"$1.01/oz","priceRangeString":"","subscriptionString":"","linePriceDisplay":"$5.26","eaPricingPreText":""},"usItemId":"11046065","variantList":[],"isVariantTypeSwatch":false,"type":"REGULAR","rating":{"averageRating":4.6,"numberOfReviews":251},"sponsoredProduct":null,"isSponsoredFlag":false,"brand":"Boursin","canonicalUrl":"/ip/Boursin-Garlic-Fine-Herbs-Spreadable-Gournay-Cheese-5-2-oz-Puck-in-a-Box-Refrigerated/11046065?athcpid=11046065\u0026athpgid=AthenaContentPage_4740967\u0026athcgid=null\u0026athznid=ItemCarousel_8be9204f-7390-42fd-b2c1-ee10ccdca1fe_items\u0026athieid=v0\u0026athstid=CS020\u0026athguid=s-SwGJlwQKwJx4-cn3aD3PFfAgOp1Vtd9RFT\u0026athancid=null\u0026athena=true\u0026athbdg=L1600"},{"canAddToCart":true,"showOptions":false,"badge":{"id":"L1600","text":"Best seller","key":"BESTSELLER","type":"LABEL","rank":1,"styleId":null},"badgeGroups":[],"badges":{"flags":[{"key":"BESTSELLER","text":"Best seller","type":"LABEL","id":"L1600","rank":1,"styleId":null}],"labels":[],"tags":[{"key":"PICKUP","text":"Pickup","id":"L1001","rank":null},{"key":"DELIVERY","text":"Delivery","id":"L1002","rank":null}],"groups":[]},"earlyAccessEvent":false,"eventAttributes":{"specialBuy":false,"priceFlip":false},"flag":"Best seller","classType":"REGULAR","fulfillmentBadges":["Pickup","Delivery"],"fulfillmentSpeed":null,"fulfillmentType":"STORE","id":"21289068","image":"https://i5.walmartimages.com/asr/fc50b3df-0422-4cdd-9e09-a9627b4b57ac.850f0b255414551722e35798ba0347a7.jpeg","isEarlyAccessItem":false,"isOutOfStock":false,"maxVisibleSwatchCount":4,"name":"HORMEL GATHERINGS, Hard Salami and Pepperoni with Cheese and Crackers,  28oz Deli Party Tray","groupMetaData":null,"itemType":null,"pac":null,"offerId":"6CBF5476FD1B425D841B36A60EBF2AB5","sellerId":"F55CDC31AB754BB68FE0B39041159D63","showSubscribe":false,"sellerName":null,"salesUnitType":"EACH","weightIncrement":1,"hasSellerBadge":null,"preOrder":{"streetDate":null,"streetDateDisplayable":null,"streetDateType":null,"isPreOrder":false,"preOrderMessage":null,"preOrderStreetDateMessage":null},"price":13.98,"priceInfo":{"linePrice":"$13.98","priceDisplayCondition":null,"unitPrice":"49.9 ¢/oz","priceRangeString":"","subscriptionString":"","linePriceDisplay":"$13.98","eaPricingPreText":""},"usItemId":"21289068","variantList":[],"isVariantTypeSwatch":false,"type":"REGULAR","rating":{"averageRating":4,"numberOfReviews":446},"sponsoredProduct":null,"isSponsoredFlag":false,"brand":"Hormel","canonicalUrl":"/ip/HORMEL-GATHERINGS-Hard-Salami-and-Pepperoni-with-Cheese-and-Crackers-28oz-Deli-Party-Tray/21289068?athcpid=21289068\u0026athpgid=AthenaContentPage_4740967\u0026athcgid=null\u0026athznid=ItemCarousel_8be9204f-7390-42fd-b2c1-ee10ccdca1fe_items\u0026athieid=v0\u0026athstid=CS020\u0026athguid=s-SwGJlwQKwJx4-cn3aD3PFfAgOp1Vtd9RFT\u0026athancid=null\u0026athena=true\u0026athbdg=L1600"},{"canAddToCart":true,"showOptions":false,"badge":{"id":"L1600","text":"Best seller","key":"BESTSELLER","type":"LABEL","rank":1,"styleId":null},"badgeGroups":[],"badges":{"flags":[{"key":"BESTSELLER","text":"Best seller","type":"LABEL","id":"L1600","rank":1,"styleId":null}],"labels":[],"tags":[{"key":"PICKUP","text":"Pickup","id":"L1001","rank":null},{"key":"DELIVERY","text":"Delivery","id":"L1002","rank":null}],"groups":[]},"earlyAccessEvent":false,"eventAttributes":{"specialBuy":false,"priceFlip":false},"flag":"Best seller","classType":"REGULAR","fulfillmentBadges":["Pickup","Delivery"],"fulfillmentSpeed":null,"fulfillmentType":"STORE","id":"10451315","image":"https://i5.walmartimages.com/asr/357cdebb-c5cb-4a9b-84c4-86bae80f4851.3757443b67245ffb811711a48da24042.jpeg","isEarlyAccessItem":false,"isOutOfStock":false,"maxVisibleSwatchCount":4,"name":"Fresh Baby-Cut Carrots, 1lb Bag","groupMetaData":null,"itemType":null,"pac":null,"offerId":"5CC8C63A213D47A2AA3448015711D3B0","sellerId":"F55CDC31AB754BB68FE0B39041159D63","showSubscribe":false,"sellerName":null,"salesUnitType":"EACH","weightIncrement":1,"hasSellerBadge":null,"preOrder":{"streetDate":null,"streetDateDisplayable":null,"streetDateType":null,"isPreOrder":false,"preOrderMessage":null,"preOrderStreetDateMessage":null},"price":1.24,"priceInfo":{"linePrice":"$1.24","priceDisplayCondition":null,"unitPrice":"7.8 ¢/oz","priceRangeString":"","subscriptionString":"","linePriceDisplay":"$1.24","eaPricingPreText":""},"usItemId":"10451315","variantList":[],"isVariantTypeSwatch":false,"type":"REGULAR","rating":{"averageRating":4.1,"numberOfReviews":1681},"sponsoredProduct":null,"isSponsoredFlag":false,"brand":"Bolthouse Farms","canonicalUrl":"/ip/Fresh-Baby-Cut-Carrots-1lb-Bag/10451315?athcpid=10451315\u0026athpgid=AthenaContentPage_4740967\u0026athcgid=null\u0026athznid=ItemCarousel_8be9204f-7390-42fd-b2c1-ee10ccdca1fe_items\u0026athieid=v0\u0026athstid=CS020\u0026athguid=s-SwGJlwQKwJx4-cn3aD3PFfAgOp1Vtd9RFT\u0026athancid=null\u0026athena=true\u0026athbdg=L1600"},{"canAddToCart":true,"showOptions":false,"badge":{"id":"L1600","text":"Best seller","key":"BESTSELLER","type":"LABEL","rank":1,"styleId":null},"badgeGroups":[],"badges":{"flags":[{"key":"BESTSELLER","text":"Best seller","type":"LABEL","id":"L1600","rank":1,"styleId":null}],"labels":[],"tags":[{"key":"PICKUP","text":"Pickup","id":"L1001","rank":null},{"key":"DELIVERY","text":"Delivery","id":"L1002","rank":null}],"groups":[]},"earlyAccessEvent":false,"eventAttributes":{"specialBuy":false,"priceFlip":false},"flag":"Best seller","classType":"REGULAR","fulfillmentBadges":["Pickup","Delivery"],"fulfillmentSpeed":null,"fulfillmentType":"STORE","id":"155642117","image":"https://i5.walmartimages.com/asr/dc4decea-154c-49db-8ec3-fc79a779c09a.dd8a91c6cf7fdedc7a2fbff002791687.jpeg","isEarlyAccessItem":false,"isOutOfStock":false,"maxVisibleSwatchCount":4,"name":"President Triple Cream Brie Cheese Wedge, 4 oz (Refrigerated)","groupMetaData":null,"itemType":null,"pac":null,"offerId":"CD3379ABB40545DFA5246D48E3F915F5","sellerId":"F55CDC31AB754BB68FE0B39041159D63","showSubscribe":false,"sellerName":null,"salesUnitType":"EACH","weightIncrement":1,"hasSellerBadge":null,"preOrder":{"streetDate":null,"streetDateDisplayable":null,"streetDateType":null,"isPreOrder":false,"preOrderMessage":null,"preOrderStreetDateMessage":null},"price":2.97,"priceInfo":{"linePrice":"$2.97","priceDisplayCondition":null,"unitPrice":"74.3 ¢/oz","priceRangeString":"","subscriptionString":"","linePriceDisplay":"$2.97","eaPricingPreText":""},"usItemId":"155642117","variantList":[],"isVariantTypeSwatch":false,"type":"REGULAR","rating":{"averageRating":3.5,"numberOfReviews":17},"sponsoredProduct":null,"isSponsoredFlag":false,"brand":"President","canonicalUrl":"/ip/President-Triple-Cream-Brie-Cheese-Wedge-4-oz-Refrigerated/155642117?athcpid=155642117\u0026athpgid=AthenaContentPage_4740967\u0026athcgid=null\u0026athznid=ItemCarousel_8be9204f-7390-42fd-b2c1-ee10ccdca1fe_items\u0026athieid=v0\u0026athstid=CS020\u0026athguid=s-SwGJlwQKwJx4-cn3aD3PFfAgOp1Vtd9RFT\u0026athancid=null\u0026athena=true\u0026athbdg=L1600"},{"canAddToCart":true,"showOptions":false,"badge":{"id":"L1600","text":"Best seller","key":"BESTSELLER","type":"LABEL","rank":1,"styleId":null},"badgeGroups":[],"badges":{"flags":[{"key":"BESTSELLER","text":"Best seller","type":"LABEL","id":"L1600","rank":1,"styleId":null}],"labels":[],"tags":[{"key":"PICKUP","text":"Pickup","id":"L1001","rank":null},{"key":"DELIVERY","text":"Delivery","id":"L1002","rank":null},{"key":"THREE_PLUS_DAY_SHIPPING","text":"3+ day shipping","id":"L1005","rank":null}],"groups":[]},"earlyAccessEvent":false,"eventAttributes":{"specialBuy":false,"priceFlip":false},"flag":"Best seller","classType":"REGULAR","fulfillmentBadges":["Pickup","Delivery","3+ day shipping"],"fulfillmentSpeed":null,"fulfillmentType":"STORE","id":"43421476","image":"https://i5.walmartimages.com/asr/9c3f9d00-4dc0-413d-80ad-9d1d371811da.756bff16e9fe8833165e86fda21dbd02.jpeg","isEarlyAccessItem":false,"isOutOfStock":false,"maxVisibleSwatchCount":4,"name":"Snack Factory Original Pretzel Crisps, Non-GMO, 14 oz Party Size Bag","groupMetaData":null,"itemType":null,"pac":null,"unsheduled_Delivery_SLA":null,"offerId":"A2EC8544A35B47B293028B4316366C11","sellerId":"F55CDC31AB754BB68FE0B39041159D63","showSubscribe":false,"sellerName":null,"salesUnitType":"EACH","weightIncrement":1,"hasSellerBadge":null,"preOrder":{"streetDate":null,"streetDateDisplayable":null,"streetDateType":null,"isPreOrder":false,"preOrderMessage":null,"preOrderStreetDateMessage":null},"price":5.22,"priceInfo":{"linePrice":"$5.22","priceDisplayCondition":null,"unitPrice":"37.3 ¢/oz","priceRangeString":"","subscriptionString":"","linePriceDisplay":"$5.22","eaPricingPreText":""},"usItemId":"43421476","variantList":[],"isVariantTypeSwatch":false,"type":"REGULAR","rating":{"averageRating":4.4,"numberOfReviews":315},"sponsoredProduct":null,"isSponsoredFlag":false,"brand":"Snack Factory","canonicalUrl":"/ip/Snack-Factory-Original-Pretzel-Crisps-Non-GMO-14-oz-Party-Size-Bag/43421476?athcpid=43421476\u0026athpgid=AthenaContentPage_4740967\u0026athcgid=null\u0026athznid=ItemCarousel_8be9204f-7390-42fd-b2c1-ee10ccdca1fe_items\u0026athieid=v0\u0026athstid=CS020\u0026athguid=s-SwGJlwQKwJx4-cn3aD3PFfAgOp1Vtd9RFT\u0026athancid=null\u0026athena=true\u0026athbdg=L1600"},{"canAddToCart":true,"showOptions":false,"badge":{"id":"L1600","text":"Best seller","key":"BESTSELLER","type":"LABEL","rank":1,"styleId":null},"badgeGroups":[],"badges":{"flags":[{"key":"BESTSELLER","text":"Best seller","type":"LABEL","id":"L1600","rank":1,"styleId":null}],"labels":[],"tags":[{"key":"PICKUP","text":"Pickup","id":"L1001","rank":null},{"key":"DELIVERY","text":"Delivery","id":"L1002","rank":null},{"key":"ONE_DAY_SHIPPING","text":"1-day shipping","id":"L1003","rank":null}],"groups":[]},"earlyAccessEvent":false,"eventAttributes":{"specialBuy":false,"priceFlip":false},"flag":"Best seller","classType":"REGULAR","fulfillmentBadges":["Pickup","Delivery","1-day shipping"],"fulfillmentSpeed":null,"fulfillmentType":"STORE","id":"218787293","image":"https://i5.walmartimages.com/asr/be351e2a-8c10-43bc-9697-3dac76a26b00.ac26dd39c280204e0a9624e3d710890b.jpeg","isEarlyAccessItem":false,"isOutOfStock":false,"maxVisibleSwatchCount":4,"name":"Great Value Deluxe Mixed Nuts, 30 oz","groupMetaData":null,"itemType":null,"pac":null,"unsheduled_Delivery_SLA":null,"offerId":"896E9DD07917491CBE1A2F756696868F","sellerId":"F55CDC31AB754BB68FE0B39041159D63","showSubscribe":false,"sellerName":null,"salesUnitType":"EACH","weightIncrement":1,"hasSellerBadge":null,"preOrder":{"streetDate":null,"streetDateDisplayable":null,"streetDateType":null,"isPreOrder":false,"preOrderMessage":null,"preOrderStreetDateMessage":null},"price":14.98,"priceInfo":{"linePrice":"$14.98","priceDisplayCondition":null,"unitPrice":"49.9 ¢/oz","priceRangeString":"","subscriptionString":"","linePriceDisplay":"$14.98","eaPricingPreText":""},"usItemId":"218787293","variantList":[],"isVariantTypeSwatch":false,"type":"REGULAR","rating":{"averageRating":3.6,"numberOfReviews":137},"sponsoredProduct":null,"isSponsoredFlag":false,"brand":"Great Value","canonicalUrl":"/ip/Great-Value-Deluxe-Mixed-Nuts-30-oz/218787293?athcpid=218787293\u0026athpgid=AthenaContentPage_4740967\u0026athcgid=null\u0026athznid=ItemCarousel_8be9204f-7390-42fd-b2c1-ee10ccdca1fe_items\u0026athieid=v0\u0026athstid=CS020\u0026athguid=s-SwGJlwQKwJx4-cn3aD3PFfAgOp1Vtd9RFT\u0026athancid=null\u0026athena=true\u0026athbdg=L1600"},{"canAddToCart":true,"showOptions":false,"badge":{"id":"L1600","text":"Best seller","key":"BESTSELLER","type":"LABEL","rank":1,"styleId":null},"badgeGroups":[],"badges":{"flags":[{"key":"BESTSELLER","text":"Best seller","type":"LABEL","id":"L1600","rank":1,"styleId":null}],"labels":[],"tags":[{"key":"PICKUP","text":"Pickup","id":"L1001","rank":null},{"key":"DELIVERY","text":"Delivery","id":"L1002","rank":null}],"groups":[]},"earlyAccessEvent":false,"eventAttributes":{"specialBuy":false,"priceFlip":false},"flag":"Best seller","classType":"REGULAR","fulfillmentBadges":["Pickup","Delivery"],"fulfillmentSpeed":null,"fulfillmentType":"STORE","id":"445089340","image":"https://i5.walmartimages.com/asr/4f0b9053-83bc-44d6-814f-b7cb90aa6b18.204739e257c44c5e1f6e996cd9d2bd9f.jpeg","isEarlyAccessItem":false,"isOutOfStock":false,"maxVisibleSwatchCount":4,"name":"Stonefire Original Naan Dippers, 7.05 oz, 20 Count","groupMetaData":null,"itemType":null,"pac":null,"offerId":"4DA952732AD9477B9CABE00C2E929E49","sellerId":"F55CDC31AB754BB68FE0B39041159D63","showSubscribe":false,"sellerName":null,"salesUnitType":"EACH","weightIncrement":1,"hasSellerBadge":null,"preOrder":{"streetDate":null,"streetDateDisplayable":null,"streetDateType":null,"isPreOrder":false,"preOrderMessage":null,"preOrderStreetDateMessage":null},"price":3.9,"priceInfo":{"linePrice":"$3.90","priceDisplayCondition":null,"unitPrice":"55.3 ¢/oz","priceRangeString":"","subscriptionString":"","linePriceDisplay":"$3.90","eaPricingPreText":""},"usItemId":"445089340","variantList":[],"isVariantTypeSwatch":false,"type":"REGULAR","rating":{"averageRating":3.9,"numberOfReviews":105},"sponsoredProduct":null,"isSponsoredFlag":false,"brand":"Stonefire","canonicalUrl":"/ip/Stonefire-Original-Naan-Dippers-7-05-oz-20-Count/445089340?athcpid=445089340\u0026athpgid=AthenaContentPage_4740967\u0026athcgid=null\u0026athznid=ItemCarousel_8be9204f-7390-42fd-b2c1-ee10ccdca1fe_items\u0026athieid=v0\u0026athstid=CS020\u0026athguid=s-SwGJlwQKwJx4-cn3aD3PFfAgOp1Vtd9RFT\u0026athancid=null\u0026athena=true\u0026athbdg=L1600"},{"canAddToCart":true,"showOptions":false,"badge":{"id":"L1300","text":"Rollback","key":"ROLLBACK","type":"LABEL","rank":1,"styleId":null},"badgeGroups":[],"badges":{"flags":[{"key":"ROLLBACK","text":"Rollback","type":"LABEL","id":"L1300","rank":1,"styleId":null}],"labels":[],"tags":[{"key":"PICKUP","text":"Pickup","id":"L1001","rank":null},{"key":"DELIVERY","text":"Delivery","id":"L1002","rank":null}],"groups":[]},"earlyAccessEvent":false,"eventAttributes":{"specialBuy":false,"priceFlip":false},"flag":"Rollback","classType":"REGULAR","fulfillmentBadges":["Pickup","Delivery"],"fulfillmentSpeed":null,"fulfillmentType":"STORE","id":"13399614","image":"https://i5.walmartimages.com/asr/40fe555b-75e2-4c89-85a6-59c76b4fa719.6e1d26fd123610cb3cee9d1e4bb9e723.jpeg","isEarlyAccessItem":false,"isOutOfStock":false,"maxVisibleSwatchCount":4,"name":"Marketside Fresh Sugar Snap Peas, 8 oz","groupMetaData":null,"itemType":null,"pac":null,"offerId":"78BE249291744621A149204D2A8E9D12","sellerId":"F55CDC31AB754BB68FE0B39041159D63","showSubscribe":false,"sellerName":null,"salesUnitType":"EACH","weightIncrement":1,"hasSellerBadge":null,"preOrder":{"streetDate":null,"streetDateDisplayable":null,"streetDateType":null,"isPreOrder":false,"preOrderMessage":null,"preOrderStreetDateMessage":null},"price":2.57,"priceInfo":{"linePrice":"$2.57","priceDisplayCondition":null,"unitPrice":"32.1 ¢/oz","wasPrice":"$2.88","priceRangeString":"","subscriptionString":"","savings":"SAVE $0.31","linePriceDisplay":"Now $2.57","eaPricingPreText":""},"usItemId":"13399614","variantList":[],"isVariantTypeSwatch":false,"type":"REGULAR","rating":{"averageRating":2.1,"numberOfReviews":260},"sponsoredProduct":null,"isSponsoredFlag":false,"brand":"Marketside","canonicalUrl":"/ip/Marketside-Fresh-Sugar-Snap-Peas-8-oz/13399614?athcpid=13399614\u0026athpgid=AthenaContentPage_4740967\u0026athcgid=null\u0026athznid=ItemCarousel_8be9204f-7390-42fd-b2c1-ee10ccdca1fe_items\u0026athieid=v0\u0026athstid=CS020\u0026athguid=s-SwGJlwQKwJx4-cn3aD3PFfAgOp1Vtd9RFT\u0026athancid=null\u0026athena=true\u0026athbdg=L1300"}]}},"publishedDate":1700245599180,"moduleId":"8be9204f-7390-42fd-b2c1-ee10ccdca1fe","module_id":"8be9204f-7390-42fd-b2c1-ee10ccdca1fe","matchedTrigger":{"pageType":"ContentPage","pageId":"4740967","zone":"topZone4","inheritable":false}},{"name":"Item Carousel FY23 Q1 Boards and essentials","type":"ItemCarousel","version":7,"status":"published","schedule":{"start":null,"end":null,"priority":1,"expEnabled":false},"triggers":[{"pageType":"ContentPage","pageId":"4740967","zone":"contentZone4","inheritable":false}],"configs":{"__typename":"TempoWM_GLASSWWWItemCarouselConfigsV1","type":null,"title":"Boards and essentials","subTitle":null,"viewAllLink":null,"spBeaconInfo":null,"tileOptions":null,"productsConfig":{"products":[{"canAddToCart":true,"showOptions":false,"badge":{"id":"L1600","text":"Best seller","key":"BESTSELLER","type":"LABEL","rank":1,"styleId":null},"badgeGroups":[],"badges":{"flags":[{"key":"BESTSELLER","text":"Best seller","type":"LABEL","id":"L1600","rank":1,"styleId":null}],"labels":[],"tags":[{"key":"PICKUP","text":"Pickup","id":"L1001","rank":null},{"key":"DELIVERY","text":"Delivery","id":"L1002","rank":null},{"key":"ONE_DAY_SHIPPING","text":"1-day shipping","id":"L1003","rank":null}],"groups":[]},"earlyAccessEvent":false,"eventAttributes":{"specialBuy":false,"priceFlip":false},"flag":"Best seller","classType":"REGULAR","fulfillmentBadges":["Pickup","Delivery","1-day shipping"],"fulfillmentSpeed":null,"fulfillmentType":"STORE","id":"999954410","image":"https://i5.walmartimages.com/asr/53dd7c1f-303f-49e7-a970-2dcc7cf5f88f.d73d346ee59ea26fc87b9229ea2ee348.jpeg","isEarlyAccessItem":false,"isOutOfStock":false,"maxVisibleSwatchCount":4,"name":"Farberware 12-inch x 16-inch Bamboo Cutting Board with Trench and Metal Handles","groupMetaData":null,"itemType":null,"pac":null,"unsheduled_Delivery_SLA":null,"offerId":"FE0B64DC4408470692EE239CB8C79EA6","sellerId":"F55CDC31AB754BB68FE0B39041159D63","showSubscribe":false,"sellerName":null,"salesUnitType":"EACH","weightIncrement":1,"hasSellerBadge":null,"preOrder":{"streetDate":null,"streetDateDisplayable":null,"streetDateType":null,"isPreOrder":false,"preOrderMessage":null,"preOrderStreetDateMessage":null},"price":16.44,"priceInfo":{"linePrice":"$16.44","priceDisplayCondition":null,"priceRangeString":"","subscriptionString":"","linePriceDisplay":"$16.44","eaPricingPreText":""},"usItemId":"999954410","variantList":[],"isVariantTypeSwatch":false,"type":"REGULAR","rating":{"averageRating":4.8,"numberOfReviews":194},"sponsoredProduct":null,"isSponsoredFlag":false,"brand":"Farberware","canonicalUrl":"/ip/Farberware-12-inch-x-16-inch-Bamboo-Cutting-Board-with-Trench-and-Metal-Handles/999954410?athcpid=999954410\u0026athpgid=AthenaContentPage_4740967\u0026athcgid=null\u0026athznid=ItemCarousel_0854e2b6-58d8-42ff-99e6-659a9ccb2afa_items\u0026athieid=v0\u0026athstid=CS020\u0026athguid=s-SwGJlwQKwJx4-cn3aD3PFfAgOp1Vtd9RFT\u0026athancid=null\u0026athena=true\u0026athbdg=L1600"},{"canAddToCart":true,"showOptions":false,"badge":null,"badgeGroups":[],"badges":{"flags":null,"labels":[],"tags":[{"key":"PICKUP","text":"Pickup","id":"L1001","rank":null},{"key":"DELIVERY","text":"Delivery","id":"L1002","rank":null}],"groups":[]},"earlyAccessEvent":false,"eventAttributes":{"specialBuy":false,"priceFlip":false},"flag":"","classType":"REGULAR","fulfillmentBadges":["Pickup","Delivery"],"fulfillmentSpeed":null,"fulfillmentType":"STORE","id":"983685409","image":"https://i5.walmartimages.com/asr/9fd7fce6-5bb8-4108-8d19-342e61db3dc4.55a982dc541bf879570ea1ecc2454c80.jpeg","isEarlyAccessItem":false,"isOutOfStock":false,"maxVisibleSwatchCount":4,"name":"Farberware Professional Cheese Slicer with Plastic Black Handle","groupMetaData":null,"itemType":null,"pac":null,"offerId":"E434DB8AE54748968E68107AF940D003","sellerId":"F55CDC31AB754BB68FE0B39041159D63","showSubscribe":false,"sellerName":null,"salesUnitType":"EACH","weightIncrement":1,"hasSellerBadge":null,"preOrder":{"streetDate":null,"streetDateDisplayable":null,"streetDateType":null,"isPreOrder":false,"preOrderMessage":null,"preOrderStreetDateMessage":null},"price":5.97,"priceInfo":{"linePrice":"$5.97","priceDisplayCondition":null,"priceRangeString":"","subscriptionString":"","linePriceDisplay":"$5.97","eaPricingPreText":""},"usItemId":"983685409","variantList":[],"isVariantTypeSwatch":false,"type":"REGULAR","rating":{"averageRating":4,"numberOfReviews":369},"sponsoredProduct":null,"isSponsoredFlag":false,"brand":"Farberware","canonicalUrl":"/ip/Farberware-Professional-Cheese-Slicer-with-Plastic-Black-Handle/983685409?athcpid=983685409\u0026athpgid=AthenaContentPage_4740967\u0026athcgid=null\u0026athznid=ItemCarousel_0854e2b6-58d8-42ff-99e6-659a9ccb2afa_items\u0026athieid=v0\u0026athstid=CS020\u0026athguid=s-SwGJlwQKwJx4-cn3aD3PFfAgOp1Vtd9RFT\u0026athancid=null\u0026athena=true"},{"canAddToCart":true,"showOptions":false,"badge":null,"badgeGroups":[],"badges":{"flags":null,"labels":[],"tags":[{"key":"PICKUP","text":"Pickup","id":"L1001","rank":null},{"key":"DELIVERY","text":"Delivery","id":"L1002","rank":null},{"key":"ONE_DAY_SHIPPING","text":"1-day shipping","id":"L1003","rank":null}],"groups":[]},"earlyAccessEvent":false,"eventAttributes":{"specialBuy":false,"priceFlip":false},"flag":"","classType":"REGULAR","fulfillmentBadges":["Pickup","Delivery","1-day shipping"],"fulfillmentSpeed":null,"fulfillmentType":"STORE","id":"756102484","image":"https://i5.walmartimages.com/asr/358b4900-cf8b-4587-a6b6-3c7abbb9292c.6d5c3eb358e2dceb5dceb87234b83162.jpeg","isEarlyAccessItem":false,"isOutOfStock":false,"maxVisibleSwatchCount":4,"name":"Better Homes \u0026 Gardens 6 Piece White Porcelain Grazing Board With Acacia Wood","groupMetaData":null,"itemType":null,"pac":null,"unsheduled_Delivery_SLA":null,"offerId":"4B8843C0771D4BC395293A08323B0799","sellerId":"F55CDC31AB754BB68FE0B39041159D63","showSubscribe":false,"sellerName":null,"salesUnitType":"EACH","weightIncrement":1,"hasSellerBadge":null,"preOrder":{"streetDate":null,"streetDateDisplayable":null,"streetDateType":null,"isPreOrder":false,"preOrderMessage":null,"preOrderStreetDateMessage":null},"price":22.86,"priceInfo":{"linePrice":"$22.86","priceDisplayCondition":null,"priceRangeString":"","subscriptionString":"","linePriceDisplay":"$22.86","eaPricingPreText":""},"usItemId":"756102484","variantList":[],"isVariantTypeSwatch":false,"type":"REGULAR","rating":{"averageRating":4.9,"numberOfReviews":23},"sponsoredProduct":null,"isSponsoredFlag":false,"brand":"Better Homes \u0026 Gardens","canonicalUrl":"/ip/Better-Homes-Gardens-6-Piece-White-Porcelain-Grazing-Board-With-Acacia-Wood/756102484?athcpid=756102484\u0026athpgid=AthenaContentPage_4740967\u0026athcgid=null\u0026athznid=ItemCarousel_0854e2b6-58d8-42ff-99e6-659a9ccb2afa_items\u0026athieid=v0\u0026athstid=CS020\u0026athguid=s-SwGJlwQKwJx4-cn3aD3PFfAgOp1Vtd9RFT\u0026athancid=null\u0026athena=true"},{"canAddToCart":true,"showOptions":false,"badge":{"id":"L1600","text":"Best seller","key":"BESTSELLER","type":"LABEL","rank":1,"styleId":null},"badgeGroups":[],"badges":{"flags":[{"key":"BESTSELLER","text":"Best seller","type":"LABEL","id":"L1600","rank":1,"styleId":null}],"labels":[],"tags":[{"key":"PICKUP","text":"Pickup","id":"L1001","rank":null},{"key":"DELIVERY","text":"Delivery","id":"L1002","rank":null},{"key":"ONE_DAY_SHIPPING","text":"1-day shipping","id":"L1003","rank":null}],"groups":[]},"earlyAccessEvent":false,"eventAttributes":{"specialBuy":false,"priceFlip":false},"flag":"Best seller","classType":"REGULAR","fulfillmentBadges":["Pickup","Delivery","1-day shipping"],"fulfillmentSpeed":null,"fulfillmentType":"STORE","id":"458598997","image":"https://i5.walmartimages.com/asr/0189115b-7c2c-4eb7-9a58-a8a122a6bfcf.127c800b360874630b3c7f1123e7ddcc.jpeg","isEarlyAccessItem":false,"isOutOfStock":false,"maxVisibleSwatchCount":4,"name":"Thyme \u0026 Table 12\" x 18\" Acacia Wood SoHo Cutting Board","groupMetaData":null,"itemType":null,"pac":null,"unsheduled_Delivery_SLA":null,"offerId":"2FD2837D1C4B40F381C344D11FF6F008","sellerId":"F55CDC31AB754BB68FE0B39041159D63","showSubscribe":false,"sellerName":null,"salesUnitType":"EACH","weightIncrement":1,"hasSellerBadge":null,"preOrder":{"streetDate":null,"streetDateDisplayable":null,"streetDateType":null,"isPreOrder":false,"preOrderMessage":null,"preOrderStreetDateMessage":null},"price":20.47,"priceInfo":{"linePrice":"$20.47","priceDisplayCondition":null,"priceRangeString":"","subscriptionString":"","linePriceDisplay":"$20.47","eaPricingPreText":""},"usItemId":"458598997","variantList":[],"isVariantTypeSwatch":false,"type":"REGULAR","rating":{"averageRating":4.4,"numberOfReviews":115},"sponsoredProduct":null,"isSponsoredFlag":false,"brand":"Thyme \u0026 Table","canonicalUrl":"/ip/Thyme-Table-12-x-18-Acacia-Wood-SoHo-Cutting-Board/458598997?athcpid=458598997\u0026athpgid=AthenaContentPage_4740967\u0026athcgid=null\u0026athznid=ItemCarousel_0854e2b6-58d8-42ff-99e6-659a9ccb2afa_items\u0026athieid=v0\u0026athstid=CS020\u0026athguid=s-SwGJlwQKwJx4-cn3aD3PFfAgOp1Vtd9RFT\u0026athancid=null\u0026athena=true\u0026athbdg=L1600"},{"canAddToCart":true,"showOptions":false,"badge":null,"badgeGroups":[],"badges":{"flags":null,"labels":[],"tags":[{"key":"THREE_PLUS_DAY_SHIPPING","text":"3+ day shipping","id":"L1005","rank":null}],"groups":[]},"earlyAccessEvent":false,"eventAttributes":{"specialBuy":false,"priceFlip":false},"flag":"","classType":"REGULAR","fulfillmentBadges":["3+ day shipping"],"fulfillmentSpeed":null,"fulfillmentType":"FC","id":"314423778","image":"https://i5.walmartimages.com/asr/9dfb5eda-db5d-49db-9a7e-38bb338c4f87_1.d775720b025710c643001a25419dabcc.jpeg","isEarlyAccessItem":false,"isOutOfStock":false,"maxVisibleSwatchCount":4,"name":"The Pioneer Woman 4-Piece Stainless Steel Cheese Knife Serving Set, Gorgeous Garden","groupMetaData":null,"itemType":null,"pac":null,"unsheduled_Delivery_SLA":null,"offerId":"7A6626AFE33549B7B1D8361C1C03B902","sellerId":"F55CDC31AB754BB68FE0B39041159D63","showSubscribe":false,"sellerName":null,"salesUnitType":"EACH","weightIncrement":1,"hasSellerBadge":null,"preOrder":{"streetDate":null,"streetDateDisplayable":null,"streetDateType":null,"isPreOrder":false,"preOrderMessage":null,"preOrderStreetDateMessage":null},"price":14.97,"priceInfo":{"linePrice":"$14.97","priceDisplayCondition":null,"priceRangeString":"","subscriptionString":"","linePriceDisplay":"$14.97","eaPricingPreText":""},"usItemId":"314423778","variantList":[],"isVariantTypeSwatch":false,"type":"REGULAR","rating":{"averageRating":4.7,"numberOfReviews":41},"sponsoredProduct":null,"isSponsoredFlag":false,"brand":"The Pioneer Woman","canonicalUrl":"/ip/The-Pioneer-Woman-4-Piece-Stainless-Steel-Cheese-Knife-Serving-Set-Gorgeous-Garden/314423778?athcpid=314423778\u0026athpgid=AthenaContentPage_4740967\u0026athcgid=null\u0026athznid=ItemCarousel_0854e2b6-58d8-42ff-99e6-659a9ccb2afa_items\u0026athieid=v0\u0026athstid=CS020\u0026athguid=s-SwGJlwQKwJx4-cn3aD3PFfAgOp1Vtd9RFT\u0026athancid=null\u0026athena=true"},{"canAddToCart":true,"showOptions":false,"badge":null,"badgeGroups":[],"badges":{"flags":null,"labels":[],"tags":[{"key":"PICKUP","text":"Pickup","id":"L1001","rank":null},{"key":"DELIVERY","text":"Delivery","id":"L1002","rank":null}],"groups":[]},"earlyAccessEvent":false,"eventAttributes":{"specialBuy":false,"priceFlip":false},"flag":"","classType":"REGULAR","fulfillmentBadges":["Pickup","Delivery"],"fulfillmentSpeed":null,"fulfillmentType":"STORE","id":"40703596","image":"https://i5.walmartimages.com/asr/517dcdb4-7f00-4c14-b5d3-ba8a1b4c2afa.6832b8ad6e435782b36306dea16d75e7.jpeg","isEarlyAccessItem":false,"isOutOfStock":false,"maxVisibleSwatchCount":4,"name":"Dixie Disposable Paper Plates, Multicolor, 7 in, 50 Count","groupMetaData":null,"itemType":null,"pac":null,"offerId":"4F75F7B74C1B4EE8A310D69BA50573F3","sellerId":"F55CDC31AB754BB68FE0B39041159D63","showSubscribe":false,"sellerName":null,"salesUnitType":"EACH","weightIncrement":1,"hasSellerBadge":null,"preOrder":{"streetDate":null,"streetDateDisplayable":null,"streetDateType":null,"isPreOrder":false,"preOrderMessage":null,"preOrderStreetDateMessage":null},"price":3.48,"priceInfo":{"linePrice":"$3.48","priceDisplayCondition":null,"unitPrice":"7.0 ¢/count","priceRangeString":"","subscriptionString":"","linePriceDisplay":"$3.48","eaPricingPreText":""},"usItemId":"40703596","variantList":[],"isVariantTypeSwatch":false,"type":"REGULAR","rating":{"averageRating":4.7,"numberOfReviews":2592},"sponsoredProduct":null,"isSponsoredFlag":false,"brand":"Dixie","canonicalUrl":"/ip/Dixie-Disposable-Paper-Plates-Multicolor-7-in-50-Count/40703596?athcpid=40703596\u0026athpgid=AthenaContentPage_4740967\u0026athcgid=null\u0026athznid=ItemCarousel_0854e2b6-58d8-42ff-99e6-659a9ccb2afa_items\u0026athieid=v0\u0026athstid=CS020\u0026athguid=s-SwGJlwQKwJx4-cn3aD3PFfAgOp1Vtd9RFT\u0026athancid=null\u0026athena=true"},{"canAddToCart":true,"showOptions":false,"badge":{"id":"L1600","text":"Best seller","key":"BESTSELLER","type":"LABEL","rank":1,"styleId":null},"badgeGroups":[],"badges":{"flags":[{"key":"BESTSELLER","text":"Best seller","type":"LABEL","id":"L1600","rank":1,"styleId":null}],"labels":[],"tags":[{"key":"PICKUP","text":"Pickup","id":"L1001","rank":null},{"key":"DELIVERY","text":"Delivery","id":"L1002","rank":null}],"groups":[]},"earlyAccessEvent":false,"eventAttributes":{"specialBuy":false,"priceFlip":false},"flag":"Best seller","classType":"REGULAR","fulfillmentBadges":["Pickup","Delivery"],"fulfillmentSpeed":null,"fulfillmentType":"STORE","id":"31696283","image":"https://i5.walmartimages.com/asr/162a30aa-8844-4fcc-af6e-6acee827e0be.f82dc338aa419e421c8f27f7cac0823f.jpeg","isEarlyAccessItem":false,"isOutOfStock":false,"maxVisibleSwatchCount":4,"name":"Way to Celebrate! Red Paper Dessert Plates, 7in, 24ct","groupMetaData":null,"itemType":null,"pac":null,"offerId":"ADC97DE572AE4095A185BF19D281A745","sellerId":"F55CDC31AB754BB68FE0B39041159D63","showSubscribe":false,"sellerName":null,"salesUnitType":"EACH","weightIncrement":1,"hasSellerBadge":null,"preOrder":{"streetDate":null,"streetDateDisplayable":null,"streetDateType":null,"isPreOrder":false,"preOrderMessage":null,"preOrderStreetDateMessage":null},"price":0.97,"priceInfo":{"linePrice":"$0.97","priceDisplayCondition":null,"unitPrice":"4.0 ¢/ea","wasPrice":"$2.00","priceRangeString":"","subscriptionString":"","savings":"SAVE $1.03","linePriceDisplay":"Now $0.97","eaPricingPreText":""},"usItemId":"31696283","variantList":[],"isVariantTypeSwatch":false,"type":"REGULAR","rating":{"averageRating":4.6,"numberOfReviews":112},"sponsoredProduct":null,"isSponsoredFlag":false,"brand":"Way To Celebrate","canonicalUrl":"/ip/Way-to-Celebrate-Red-Paper-Dessert-Plates-7in-24ct/31696283?athcpid=31696283\u0026athpgid=AthenaContentPage_4740967\u0026athcgid=null\u0026athznid=ItemCarousel_0854e2b6-58d8-42ff-99e6-659a9ccb2afa_items\u0026athieid=v0\u0026athstid=CS020\u0026athguid=s-SwGJlwQKwJx4-cn3aD3PFfAgOp1Vtd9RFT\u0026athancid=null\u0026athena=true\u0026athbdg=L1600"},{"canAddToCart":true,"showOptions":false,"badge":null,"badgeGroups":[],"badges":{"flags":null,"labels":[],"tags":[{"key":"PICKUP","text":"Pickup","id":"L1001","rank":null},{"key":"DELIVERY","text":"Delivery","id":"L1002","rank":null}],"groups":[]},"earlyAccessEvent":false,"eventAttributes":{"specialBuy":false,"priceFlip":false},"flag":"","classType":"REGULAR","fulfillmentBadges":["Pickup","Delivery"],"fulfillmentSpeed":null,"fulfillmentType":"STORE","id":"31696287","image":"https://i5.walmartimages.com/asr/83982ea5-466e-47d8-aab4-a5a204ffcc18.225153a5e2ba7dfc8601b1195f85aff8.jpeg","isEarlyAccessItem":false,"isOutOfStock":false,"maxVisibleSwatchCount":4,"name":"Way to Celebrate! Electric Blue Paper Dessert Plates, 7in, 24ct","groupMetaData":null,"itemType":null,"pac":null,"offerId":"5B45E1A8E170416ABAAB7E85500E4E8C","sellerId":"F55CDC31AB754BB68FE0B39041159D63","showSubscribe":false,"sellerName":null,"salesUnitType":"EACH","weightIncrement":1,"hasSellerBadge":null,"preOrder":{"streetDate":null,"streetDateDisplayable":null,"streetDateType":null,"isPreOrder":false,"preOrderMessage":null,"preOrderStreetDateMessage":null},"price":0.97,"priceInfo":{"linePrice":"$0.97","priceDisplayCondition":null,"unitPrice":"4.0 ¢/ea","priceRangeString":"","subscriptionString":"","linePriceDisplay":"$0.97","eaPricingPreText":""},"usItemId":"31696287","variantList":[],"isVariantTypeSwatch":false,"type":"REGULAR","rating":{"averageRating":4.5,"numberOfReviews":197},"sponsoredProduct":null,"isSponsoredFlag":false,"brand":"Way To Celebrate","canonicalUrl":"/ip/Way-to-Celebrate-Electric-Blue-Paper-Dessert-Plates-7in-24ct/31696287?athcpid=31696287\u0026athpgid=AthenaContentPage_4740967\u0026athcgid=null\u0026athznid=ItemCarousel_0854e2b6-58d8-42ff-99e6-659a9ccb2afa_items\u0026athieid=v0\u0026athstid=CS020\u0026athguid=s-SwGJlwQKwJx4-cn3aD3PFfAgOp1Vtd9RFT\u0026athancid=null\u0026athena=true"},{"canAddToCart":true,"showOptions":false,"badge":{"id":"L1600","text":"Best seller","key":"BESTSELLER","type":"LABEL","rank":1,"styleId":null},"badgeGroups":[],"badges":{"flags":[{"key":"BESTSELLER","text":"Best seller","type":"LABEL","id":"L1600","rank":1,"styleId":null}],"labels":[],"tags":[{"key":"PICKUP","text":"Pickup","id":"L1001","rank":null},{"key":"DELIVERY","text":"Delivery","id":"L1002","rank":null}],"groups":[]},"earlyAccessEvent":false,"eventAttributes":{"specialBuy":false,"priceFlip":false},"flag":"Best seller","classType":"REGULAR","fulfillmentBadges":["Pickup","Delivery"],"fulfillmentSpeed":null,"fulfillmentType":"STORE","id":"739855468","image":"https://i5.walmartimages.com/asr/6aa8c05c-d15d-47b4-8280-256fa396c55b.614d7334f93cfc8087a98289c448b092.jpeg","isEarlyAccessItem":false,"isOutOfStock":false,"maxVisibleSwatchCount":4,"name":"Mainstays 200-Piece Wooden Toothpicks Bundle with Clear Plastic Container","groupMetaData":null,"itemType":null,"pac":null,"offerId":"C9A50215E65D45C7AF5DA2D8AE273AEE","sellerId":"F55CDC31AB754BB68FE0B39041159D63","showSubscribe":false,"sellerName":null,"salesUnitType":"EACH","weightIncrement":1,"hasSellerBadge":null,"preOrder":{"streetDate":null,"streetDateDisplayable":null,"streetDateType":null,"isPreOrder":false,"preOrderMessage":null,"preOrderStreetDateMessage":null},"price":1.44,"priceInfo":{"linePrice":"$1.44","priceDisplayCondition":null,"priceRangeString":"","subscriptionString":"","linePriceDisplay":"$1.44","eaPricingPreText":""},"usItemId":"739855468","variantList":[],"isVariantTypeSwatch":false,"type":"REGULAR","rating":{"averageRating":4.7,"numberOfReviews":426},"sponsoredProduct":null,"isSponsoredFlag":false,"brand":"Mainstays","canonicalUrl":"/ip/Mainstays-200-Piece-Wooden-Toothpicks-Bundle-with-Clear-Plastic-Container/739855468?athcpid=739855468\u0026athpgid=AthenaContentPage_4740967\u0026athcgid=null\u0026athznid=ItemCarousel_0854e2b6-58d8-42ff-99e6-659a9ccb2afa_items\u0026athieid=v0\u0026athstid=CS020\u0026athguid=s-SwGJlwQKwJx4-cn3aD3PFfAgOp1Vtd9RFT\u0026athancid=null\u0026athena=true\u0026athbdg=L1600"}]}},"publishedDate":1698952853128,"moduleId":"0854e2b6-58d8-42ff-99e6-659a9ccb2afa","module_id":"0854e2b6-58d8-42ff-99e6-659a9ccb2afa","matchedTrigger":{"pageType":"ContentPage","pageId":"4740967","zone":"contentZone4","inheritable":false}},{"name":"Item Carousel FY23 Q1 Easy hosting solutions","type":"ItemCarousel","version":8,"status":"published","schedule":{"start":null,"end":null,"priority":1,"expEnabled":false},"triggers":[{"pageType":"ContentPage","pageId":"4740967","zone":"contentZone14","inheritable":false}],"configs":{"__typename":"TempoWM_GLASSWWWItemCarouselConfigsV1","type":null,"title":"Easy hosting solutions","subTitle":null,"viewAllLink":{"linkText":"Shop all","title":"Shop all","clickThrough":{"type":"url","value":"https://www.walmart.com/browse/food/party-trays/976759_976789_4740967_6993020_8475666?povid=976759_itemcarousel_4740967_Easyhostingsolutions_Shopall_Rweb_Jun_14"}},"spBeaconInfo":null,"tileOptions":null,"productsConfig":{"products":[{"canAddToCart":true,"showOptions":false,"badge":null,"badgeGroups":[],"badges":{"flags":null,"labels":[],"tags":[{"key":"PICKUP","text":"Pickup","id":"L1001","rank":null},{"key":"DELIVERY","text":"Delivery","id":"L1002","rank":null}],"groups":[]},"earlyAccessEvent":false,"eventAttributes":{"specialBuy":false,"priceFlip":false},"flag":"","classType":"REGULAR","fulfillmentBadges":["Pickup","Delivery"],"fulfillmentSpeed":null,"fulfillmentType":"STORE","id":"16940282","image":"https://i5.walmartimages.com/asr/b6a0db3e-69f1-4418-9fc1-5b46f95246ba.2be32aeeec4eb3eee985ae6c892a8df2.jpeg","isEarlyAccessItem":false,"isOutOfStock":false,"maxVisibleSwatchCount":4,"name":"HORMEL GATHERINGS, Honey Ham and Turkey with Cheese and Crackers, Deli Party, 28 oz Plastic Tray","groupMetaData":null,"itemType":null,"pac":null,"offerId":"2E0E3244326F4AA4935BB6D20CFC31DA","sellerId":"F55CDC31AB754BB68FE0B39041159D63","showSubscribe":false,"sellerName":null,"salesUnitType":"EACH","weightIncrement":1,"hasSellerBadge":null,"preOrder":{"streetDate":null,"streetDateDisplayable":null,"streetDateType":null,"isPreOrder":false,"preOrderMessage":null,"preOrderStreetDateMessage":null},"price":13.98,"priceInfo":{"linePrice":"$13.98","priceDisplayCondition":null,"unitPrice":"49.9 ¢/oz","priceRangeString":"","subscriptionString":"","linePriceDisplay":"$13.98","eaPricingPreText":""},"usItemId":"16940282","variantList":[],"isVariantTypeSwatch":false,"type":"REGULAR","rating":{"averageRating":4.1,"numberOfReviews":333},"sponsoredProduct":null,"isSponsoredFlag":false,"brand":"Hormel","canonicalUrl":"/ip/HORMEL-GATHERINGS-Honey-Ham-and-Turkey-with-Cheese-and-Crackers-Deli-Party-28-oz-Plastic-Tray/16940282?athcpid=16940282\u0026athpgid=AthenaContentPage_4740967\u0026athcgid=null\u0026athznid=ItemCarousel_bacb44a7-ed4e-48b4-9eb2-acdb94075ef7_items\u0026athieid=v0\u0026athstid=CS020\u0026athguid=s-SwGJlwQKwJx4-cn3aD3PFfAgOp1Vtd9RFT\u0026athancid=null\u0026athena=true"},{"canAddToCart":true,"showOptions":false,"badge":{"id":"L1600","text":"Best seller","key":"BESTSELLER","type":"LABEL","rank":1,"styleId":null},"badgeGroups":[],"badges":{"flags":[{"key":"BESTSELLER","text":"Best seller","type":"LABEL","id":"L1600","rank":1,"styleId":null}],"labels":[],"tags":[{"key":"PICKUP","text":"Pickup","id":"L1001","rank":null},{"key":"DELIVERY","text":"Delivery","id":"L1002","rank":null}],"groups":[]},"earlyAccessEvent":false,"eventAttributes":{"specialBuy":false,"priceFlip":false},"flag":"Best seller","classType":"REGULAR","fulfillmentBadges":["Pickup","Delivery"],"fulfillmentSpeed":null,"fulfillmentType":"STORE","id":"14122442","image":"https://i5.walmartimages.com/asr/39b5bc65-46ab-43a6-a7bf-ed2c796f533e.009f5758e14337a87b6bd2f048f1598d.jpeg","isEarlyAccessItem":false,"isOutOfStock":false,"maxVisibleSwatchCount":4,"name":"HORMEL GATHERINGS, Salami and Olives with Cheese and Crackers, Deli Supreme Party Tray, 40 oz Plastic Tray","groupMetaData":null,"itemType":null,"pac":null,"offerId":"FD824A4415CB4F5D97FD6C789D02232D","sellerId":"F55CDC31AB754BB68FE0B39041159D63","showSubscribe":false,"sellerName":null,"salesUnitType":"EACH","weightIncrement":1,"hasSellerBadge":null,"preOrder":{"streetDate":null,"streetDateDisplayable":null,"streetDateType":null,"isPreOrder":false,"preOrderMessage":null,"preOrderStreetDateMessage":null},"price":18.48,"priceInfo":{"linePrice":"$18.48","priceDisplayCondition":null,"unitPrice":"46.6 ¢/oz","priceRangeString":"","subscriptionString":"","linePriceDisplay":"$18.48","eaPricingPreText":""},"usItemId":"14122442","variantList":[],"isVariantTypeSwatch":false,"type":"REGULAR","rating":{"averageRating":4.6,"numberOfReviews":386},"sponsoredProduct":null,"isSponsoredFlag":false,"brand":"Hormel","canonicalUrl":"/ip/HORMEL-GATHERINGS-Salami-and-Olives-with-Cheese-and-Crackers-Deli-Supreme-Party-Tray-40-oz-Plastic-Tray/14122442?athcpid=14122442\u0026athpgid=AthenaContentPage_4740967\u0026athcgid=null\u0026athznid=ItemCarousel_bacb44a7-ed4e-48b4-9eb2-acdb94075ef7_items\u0026athieid=v0\u0026athstid=CS020\u0026athguid=s-SwGJlwQKwJx4-cn3aD3PFfAgOp1Vtd9RFT\u0026athancid=null\u0026athena=true\u0026athbdg=L1600"},{"canAddToCart":true,"showOptions":false,"badge":null,"badgeGroups":[],"badges":{"flags":null,"labels":[],"tags":[{"key":"PICKUP","text":"Pickup","id":"L1001","rank":null},{"key":"DELIVERY","text":"Delivery","id":"L1002","rank":null}],"groups":[]},"earlyAccessEvent":false,"eventAttributes":{"specialBuy":false,"priceFlip":false},"flag":"","classType":"REGULAR","fulfillmentBadges":["Pickup","Delivery"],"fulfillmentSpeed":null,"fulfillmentType":"STORE","id":"10535982","image":"https://i5.walmartimages.com/asr/8e3af9d4-95fe-4559-90ea-547533303dc6.bcc80ef7ffc2aa6b84580e56e84dc780.jpeg","isEarlyAccessItem":false,"isOutOfStock":false,"maxVisibleSwatchCount":4,"name":"HORMEL GATHERINGS, Pepperoni with Cheese and Crackers, Deli Snack , Plastic Tray 14oz","groupMetaData":null,"itemType":null,"pac":null,"offerId":"85BE431E194D47348FCF22676BD5559E","sellerId":"F55CDC31AB754BB68FE0B39041159D63","showSubscribe":false,"sellerName":null,"salesUnitType":"EACH","weightIncrement":1,"hasSellerBadge":null,"preOrder":{"streetDate":null,"streetDateDisplayable":null,"streetDateType":null,"isPreOrder":false,"preOrderMessage":null,"preOrderStreetDateMessage":null},"price":7.98,"priceInfo":{"linePrice":"$7.98","priceDisplayCondition":null,"unitPrice":"57.0 ¢/oz","priceRangeString":"","subscriptionString":"","linePriceDisplay":"$7.98","eaPricingPreText":""},"usItemId":"10535982","variantList":[],"isVariantTypeSwatch":false,"type":"REGULAR","rating":{"averageRating":4.5,"numberOfReviews":284},"sponsoredProduct":null,"isSponsoredFlag":false,"brand":"Hormel","canonicalUrl":"/ip/HORMEL-GATHERINGS-Pepperoni-with-Cheese-and-Crackers-Deli-Snack-Plastic-Tray-14oz/10535982?athcpid=10535982\u0026athpgid=AthenaContentPage_4740967\u0026athcgid=null\u0026athznid=ItemCarousel_bacb44a7-ed4e-48b4-9eb2-acdb94075ef7_items\u0026athieid=v0\u0026athstid=CS020\u0026athguid=s-SwGJlwQKwJx4-cn3aD3PFfAgOp1Vtd9RFT\u0026athancid=null\u0026athena=true"},{"canAddToCart":true,"showOptions":false,"badge":null,"badgeGroups":[],"badges":{"flags":null,"labels":[],"tags":[{"key":"PICKUP","text":"Pickup","id":"L1001","rank":null},{"key":"DELIVERY","text":"Delivery","id":"L1002","rank":null}],"groups":[]},"earlyAccessEvent":false,"eventAttributes":{"specialBuy":false,"priceFlip":false},"flag":"","classType":"REGULAR","fulfillmentBadges":["Pickup","Delivery"],"fulfillmentSpeed":null,"fulfillmentType":"STORE","id":"10535983","image":"https://i5.walmartimages.com/asr/816a796f-55fd-4b0e-a627-ea6401ee916f.934394706475eece3a4c6a5071c84699.jpeg","isEarlyAccessItem":false,"isOutOfStock":false,"maxVisibleSwatchCount":4,"name":"HORMEL GATHERINGS Snack Tray Honey Ham and Cheese, 14 oz Tray","groupMetaData":null,"itemType":null,"pac":null,"offerId":"DEC7D5747EF847FD9F29E665368F52E3","sellerId":"F55CDC31AB754BB68FE0B39041159D63","showSubscribe":false,"sellerName":null,"salesUnitType":"EACH","weightIncrement":1,"hasSellerBadge":null,"preOrder":{"streetDate":null,"streetDateDisplayable":null,"streetDateType":null,"isPreOrder":false,"preOrderMessage":null,"preOrderStreetDateMessage":null},"price":7.98,"priceInfo":{"linePrice":"$7.98","priceDisplayCondition":null,"unitPrice":"57.0 ¢/oz","priceRangeString":"","subscriptionString":"","linePriceDisplay":"$7.98","eaPricingPreText":""},"usItemId":"10535983","variantList":[],"isVariantTypeSwatch":false,"type":"REGULAR","rating":{"averageRating":4.3,"numberOfReviews":208},"sponsoredProduct":null,"isSponsoredFlag":false,"brand":"Hormel","canonicalUrl":"/ip/HORMEL-GATHERINGS-Snack-Tray-Honey-Ham-and-Cheese-14-oz-Tray/10535983?athcpid=10535983\u0026athpgid=AthenaContentPage_4740967\u0026athcgid=null\u0026athznid=ItemCarousel_bacb44a7-ed4e-48b4-9eb2-acdb94075ef7_items\u0026athieid=v0\u0026athstid=CS020\u0026athguid=s-SwGJlwQKwJx4-cn3aD3PFfAgOp1Vtd9RFT\u0026athancid=null\u0026athena=true"},{"canAddToCart":true,"showOptions":false,"badge":{"id":"L1600","text":"Best seller","key":"BESTSELLER","type":"LABEL","rank":1,"styleId":null},"badgeGroups":[],"badges":{"flags":[{"key":"BESTSELLER","text":"Best seller","type":"LABEL","id":"L1600","rank":1,"styleId":null}],"labels":[],"tags":[{"key":"PICKUP","text":"Pickup","id":"L1001","rank":null},{"key":"DELIVERY","text":"Delivery","id":"L1002","rank":null}],"groups":[]},"earlyAccessEvent":false,"eventAttributes":{"specialBuy":false,"priceFlip":false},"flag":"Best seller","classType":"REGULAR","fulfillmentBadges":["Pickup","Delivery"],"fulfillmentSpeed":null,"fulfillmentType":"STORE","id":"14053205","image":"https://i5.walmartimages.com/asr/a7e8593a-9f39-48ed-9674-7c629c59ae91.f82f875eb0143dfad95d050b56ca8229.jpeg","isEarlyAccessItem":false,"isOutOfStock":false,"maxVisibleSwatchCount":4,"name":"HORMEL GATHERINGS Snack Tray Turkey and Cheese, 14oz Tray","groupMetaData":null,"itemType":null,"pac":null,"offerId":"BDA3C8C30F274BAC9518C4FA4C0E039A","sellerId":"F55CDC31AB754BB68FE0B39041159D63","showSubscribe":false,"sellerName":null,"salesUnitType":"EACH","weightIncrement":1,"hasSellerBadge":null,"preOrder":{"streetDate":null,"streetDateDisplayable":null,"streetDateType":null,"isPreOrder":false,"preOrderMessage":null,"preOrderStreetDateMessage":null},"price":7.98,"priceInfo":{"linePrice":"$7.98","priceDisplayCondition":null,"unitPrice":"56.7 ¢/oz","priceRangeString":"","subscriptionString":"","linePriceDisplay":"$7.98","eaPricingPreText":""},"usItemId":"14053205","variantList":[],"isVariantTypeSwatch":false,"type":"REGULAR","rating":{"averageRating":4.4,"numberOfReviews":263},"sponsoredProduct":null,"isSponsoredFlag":false,"brand":"Hormel","canonicalUrl":"/ip/HORMEL-GATHERINGS-Snack-Tray-Turkey-and-Cheese-14oz-Tray/14053205?athcpid=14053205\u0026athpgid=AthenaContentPage_4740967\u0026athcgid=null\u0026athznid=ItemCarousel_bacb44a7-ed4e-48b4-9eb2-acdb94075ef7_items\u0026athieid=v0\u0026athstid=CS020\u0026athguid=s-SwGJlwQKwJx4-cn3aD3PFfAgOp1Vtd9RFT\u0026athancid=null\u0026athena=true\u0026athbdg=L1600"},{"canAddToCart":true,"showOptions":false,"badge":null,"badgeGroups":[],"badges":{"flags":null,"labels":[],"tags":[{"key":"PICKUP","text":"Pickup","id":"L1001","rank":null},{"key":"DELIVERY","text":"Delivery","id":"L1002","rank":null}],"groups":[]},"earlyAccessEvent":false,"eventAttributes":{"specialBuy":false,"priceFlip":false},"flag":"","classType":"REGULAR","fulfillmentBadges":["Pickup","Delivery"],"fulfillmentSpeed":null,"fulfillmentType":"STORE","id":"106435954","image":"https://i5.walmartimages.com/asr/0a230d70-ca8c-4b9a-b1af-b98ae8b68f90.71b3e8f384e5fe052a9986edcce7ba9b.jpeg","isEarlyAccessItem":false,"isOutOfStock":false,"maxVisibleSwatchCount":4,"name":"Bella Rosa's Crafter's Choice Cheddar, Gouda, Havarti, \u0026 German Swiss Cheese Slice Variety Pack, 1 lb Tray","groupMetaData":null,"itemType":null,"pac":null,"offerId":"55B6DF584AFA48028EC3CF75297A1EBB","sellerId":"F55CDC31AB754BB68FE0B39041159D63","showSubscribe":false,"sellerName":null,"salesUnitType":"EACH","weightIncrement":1,"hasSellerBadge":null,"preOrder":{"streetDate":null,"streetDateDisplayable":null,"streetDateType":null,"isPreOrder":false,"preOrderMessage":null,"preOrderStreetDateMessage":null},"price":8.98,"priceInfo":{"linePrice":"$8.98","priceDisplayCondition":null,"unitPrice":"56.1 ¢/oz","priceRangeString":"","subscriptionString":"","linePriceDisplay":"$8.98","eaPricingPreText":""},"usItemId":"106435954","variantList":[],"isVariantTypeSwatch":false,"type":"REGULAR","rating":{"averageRating":4.2,"numberOfReviews":30},"sponsoredProduct":null,"isSponsoredFlag":false,"brand":"BELLA ROSA","canonicalUrl":"/ip/Bella-Rosa-s-Crafter-s-Choice-Cheddar-Gouda-Havarti-German-Swiss-Cheese-Slice-Variety-Pack-1-lb-Tray/106435954?athcpid=106435954\u0026athpgid=AthenaContentPage_4740967\u0026athcgid=null\u0026athznid=ItemCarousel_bacb44a7-ed4e-48b4-9eb2-acdb94075ef7_items\u0026athieid=v0\u0026athstid=CS020\u0026athguid=s-SwGJlwQKwJx4-cn3aD3PFfAgOp1Vtd9RFT\u0026athancid=null\u0026athena=true"}]}},"publishedDate":1691391346867,"moduleId":"bacb44a7-ed4e-48b4-9eb2-acdb94075ef7","module_id":"bacb44a7-ed4e-48b4-9eb2-acdb94075ef7","matchedTrigger":{"pageType":"ContentPage","pageId":"4740967","zone":"contentZone14","inheritable":false}},{"name":"Item Carousel Module_add some sweet treats_5.8.23","type":"ItemCarousel","version":6,"status":"published","schedule":{"start":null,"end":null,"priority":1,"expEnabled":false},"triggers":[{"pageType":"ContentPage","pageId":"4740967","zone":"contentZone10","inheritable":false}],"configs":{"__typename":"TempoWM_GLASSWWWItemCarouselConfigsV1","type":null,"title":"Add the sweets","subTitle":null,"viewAllLink":{"linkText":"Shop All","title":"Shop All","clickThrough":{"type":"url","value":"https://www.walmart.com/cp/bakery-cookies/1951361?povid=976759_itemcarousel_4740967_Addthesweets_Shopall_Rweb_Jun_14"}},"spBeaconInfo":null,"tileOptions":null,"productsConfig":{"products":[{"canAddToCart":true,"showOptions":false,"badge":{"id":"L1600","text":"Best seller","key":"BESTSELLER","type":"LABEL","rank":1,"styleId":null},"badgeGroups":[],"badges":{"flags":[{"key":"BESTSELLER","text":"Best seller","type":"LABEL","id":"L1600","rank":1,"styleId":null}],"labels":[],"tags":[{"key":"PICKUP","text":"Pickup","id":"L1001","rank":null},{"key":"DELIVERY","text":"Delivery","id":"L1002","rank":null}],"groups":[]},"earlyAccessEvent":false,"eventAttributes":{"specialBuy":false,"priceFlip":false},"flag":"Best seller","classType":"REGULAR","fulfillmentBadges":["Pickup","Delivery"],"fulfillmentSpeed":null,"fulfillmentType":"STORE","id":"1625039634","image":"https://i5.walmartimages.com/asr/1e45d970-fdac-4fdb-b16e-6da531ba6bd7.9cb878dbf97bb1f25e3629fbdb6af26a.jpeg","isEarlyAccessItem":false,"isOutOfStock":false,"maxVisibleSwatchCount":4,"name":"Marketside Bite Sized Ultimate Chocolate Brownies, 13.3 oz, 12 Count, Shelf-Stable/Ambient","groupMetaData":null,"itemType":null,"pac":null,"offerId":"1FE6F23A8F6E49FB9566FF0DA2237A11","sellerId":"F55CDC31AB754BB68FE0B39041159D63","showSubscribe":false,"sellerName":null,"salesUnitType":"EACH","weightIncrement":1,"hasSellerBadge":null,"preOrder":{"streetDate":null,"streetDateDisplayable":null,"streetDateType":null,"isPreOrder":false,"preOrderMessage":null,"preOrderStreetDateMessage":null},"price":5.83,"priceInfo":{"linePrice":"$5.83","priceDisplayCondition":null,"unitPrice":"43.8 ¢/oz","priceRangeString":"","subscriptionString":"","linePriceDisplay":"$5.83","eaPricingPreText":""},"usItemId":"1625039634","variantList":[],"isVariantTypeSwatch":false,"type":"REGULAR","rating":{"averageRating":4.2,"numberOfReviews":72},"sponsoredProduct":null,"isSponsoredFlag":false,"brand":"Marketside","canonicalUrl":"/ip/Marketside-Bite-Sized-Ultimate-Chocolate-Brownies-13-3-oz-12-Count-Shelf-Stable-Ambient/1625039634?athcpid=1625039634\u0026athpgid=AthenaContentPage_4740967\u0026athcgid=null\u0026athznid=ItemCarousel_ad7fdbd1-9c17-4527-bfe2-e3f19068f206_items\u0026athieid=v0\u0026athstid=CS020\u0026athguid=s-SwGJlwQKwJx4-cn3aD3PFfAgOp1Vtd9RFT\u0026athancid=null\u0026athena=true\u0026athbdg=L1600"},{"canAddToCart":true,"showOptions":false,"badge":null,"badgeGroups":[],"badges":{"flags":null,"labels":[],"tags":[{"key":"PICKUP","text":"Pickup","id":"L1001","rank":null},{"key":"DELIVERY","text":"Delivery","id":"L1002","rank":null}],"groups":[]},"earlyAccessEvent":false,"eventAttributes":{"specialBuy":false,"priceFlip":false},"flag":"","classType":"REGULAR","fulfillmentBadges":["Pickup","Delivery"],"fulfillmentSpeed":null,"fulfillmentType":"STORE","id":"469224052","image":"https://i5.walmartimages.com/asr/9cfda55b-23d8-4ea2-b968-6dcbabef36f9.ec82dbc7a5408da5f9c3db16bf41c61d.jpeg","isEarlyAccessItem":false,"isOutOfStock":false,"maxVisibleSwatchCount":4,"name":"Marketside Chocolate Cannoli, 7.5 oz, 5 Count Tray, Refrigerated","groupMetaData":null,"itemType":null,"pac":null,"offerId":"D2A82ABD5FD04F42A05689B600538161","sellerId":"F55CDC31AB754BB68FE0B39041159D63","showSubscribe":false,"sellerName":null,"salesUnitType":"EACH","weightIncrement":1,"hasSellerBadge":null,"preOrder":{"streetDate":null,"streetDateDisplayable":null,"streetDateType":null,"isPreOrder":false,"preOrderMessage":null,"preOrderStreetDateMessage":null},"price":3.98,"priceInfo":{"linePrice":"$3.98","priceDisplayCondition":null,"unitPrice":"53.1 ¢/oz","priceRangeString":"","subscriptionString":"","linePriceDisplay":"$3.98","eaPricingPreText":""},"usItemId":"469224052","variantList":[],"isVariantTypeSwatch":false,"type":"REGULAR","rating":{"averageRating":3.4,"numberOfReviews":149},"sponsoredProduct":null,"isSponsoredFlag":false,"brand":"Marketside","canonicalUrl":"/ip/Marketside-Chocolate-Cannoli-7-5-oz-5-Count-Tray-Refrigerated/469224052?athcpid=469224052\u0026athpgid=AthenaContentPage_4740967\u0026athcgid=null\u0026athznid=ItemCarousel_ad7fdbd1-9c17-4527-bfe2-e3f19068f206_items\u0026athieid=v0\u0026athstid=CS020\u0026athguid=s-SwGJlwQKwJx4-cn3aD3PFfAgOp1Vtd9RFT\u0026athancid=null\u0026athena=true"},{"canAddToCart":true,"showOptions":false,"badge":null,"badgeGroups":[],"badges":{"flags":null,"labels":[],"tags":[{"key":"PICKUP","text":"Pickup","id":"L1001","rank":null},{"key":"DELIVERY","text":"Delivery","id":"L1002","rank":null}],"groups":[]},"earlyAccessEvent":false,"eventAttributes":{"specialBuy":false,"priceFlip":false},"flag":"","classType":"REGULAR","fulfillmentBadges":["Pickup","Delivery"],"fulfillmentSpeed":null,"fulfillmentType":"STORE","id":"1723680470","image":"https://i5.walmartimages.com/asr/24102f57-6fbf-452c-b0e6-8b0b420c978a.93ce1f0e457b0e4551d41f97a385adda.jpeg","isEarlyAccessItem":false,"isOutOfStock":false,"maxVisibleSwatchCount":4,"name":"Marketside Bite Sized Candy Cookies, 12 oz, 48 Count","groupMetaData":null,"itemType":null,"pac":null,"offerId":"EE72DFA5048842D7B5A4F88679C8B709","sellerId":"F55CDC31AB754BB68FE0B39041159D63","showSubscribe":false,"sellerName":null,"salesUnitType":"EACH","weightIncrement":1,"hasSellerBadge":null,"preOrder":{"streetDate":null,"streetDateDisplayable":null,"streetDateType":null,"isPreOrder":false,"preOrderMessage":null,"preOrderStreetDateMessage":null},"price":5.87,"priceInfo":{"linePrice":"$5.87","priceDisplayCondition":null,"unitPrice":"48.9 ¢/oz","priceRangeString":"","subscriptionString":"","linePriceDisplay":"$5.87","eaPricingPreText":""},"usItemId":"1723680470","variantList":[],"isVariantTypeSwatch":false,"type":"REGULAR","rating":{"averageRating":3.9,"numberOfReviews":15},"sponsoredProduct":null,"isSponsoredFlag":false,"brand":"Marketside","canonicalUrl":"/ip/Marketside-Bite-Sized-Candy-Cookies-12-oz-48-Count/1723680470?athcpid=1723680470\u0026athpgid=AthenaContentPage_4740967\u0026athcgid=null\u0026athznid=ItemCarousel_ad7fdbd1-9c17-4527-bfe2-e3f19068f206_items\u0026athieid=v0\u0026athstid=CS020\u0026athguid=s-SwGJlwQKwJx4-cn3aD3PFfAgOp1Vtd9RFT\u0026athancid=null\u0026athena=true"},{"canAddToCart":true,"showOptions":false,"badge":null,"badgeGroups":[],"badges":{"flags":null,"labels":[],"tags":[{"key":"PICKUP","text":"Pickup","id":"L1001","rank":null},{"key":"DELIVERY","text":"Delivery","id":"L1002","rank":null}],"groups":[]},"earlyAccessEvent":false,"eventAttributes":{"specialBuy":false,"priceFlip":false},"flag":"","classType":"REGULAR","fulfillmentBadges":["Pickup","Delivery"],"fulfillmentSpeed":null,"fulfillmentType":"STORE","id":"827500391","image":"https://i5.walmartimages.com/asr/e2d8c1f2-a884-4ecf-8809-bb3713fae095.a151a38e2a1ae0ce638c393bff1c10f0.jpeg","isEarlyAccessItem":false,"isOutOfStock":false,"maxVisibleSwatchCount":4,"name":"Freshness Guaranteed Fresh Thumbprint Cookies, 17.5 oz","groupMetaData":null,"itemType":null,"pac":null,"offerId":"E1893780EDD844A99F0E3597312CC439","sellerId":"F55CDC31AB754BB68FE0B39041159D63","showSubscribe":false,"sellerName":null,"salesUnitType":"EACH","weightIncrement":1,"hasSellerBadge":null,"preOrder":{"streetDate":null,"streetDateDisplayable":null,"streetDateType":null,"isPreOrder":false,"preOrderMessage":null,"preOrderStreetDateMessage":null},"price":6.47,"priceInfo":{"linePrice":"$6.47","priceDisplayCondition":null,"unitPrice":"37.0 ¢/oz","priceRangeString":"","subscriptionString":"","linePriceDisplay":"$6.47","eaPricingPreText":""},"usItemId":"827500391","variantList":[],"isVariantTypeSwatch":false,"type":"REGULAR","rating":{"averageRating":3.4,"numberOfReviews":53},"sponsoredProduct":null,"isSponsoredFlag":false,"brand":"Freshness Guaranteed","canonicalUrl":"/ip/Freshness-Guaranteed-Fresh-Thumbprint-Cookies-17-5-oz/827500391?athcpid=827500391\u0026athpgid=AthenaContentPage_4740967\u0026athcgid=null\u0026athznid=ItemCarousel_ad7fdbd1-9c17-4527-bfe2-e3f19068f206_items\u0026athieid=v0\u0026athstid=CS020\u0026athguid=s-SwGJlwQKwJx4-cn3aD3PFfAgOp1Vtd9RFT\u0026athancid=null\u0026athena=true"},{"canAddToCart":true,"showOptions":false,"badge":null,"badgeGroups":[],"badges":{"flags":null,"labels":[],"tags":[{"key":"PICKUP","text":"Pickup","id":"L1001","rank":null},{"key":"DELIVERY","text":"Delivery","id":"L1002","rank":null}],"groups":[]},"earlyAccessEvent":false,"eventAttributes":{"specialBuy":false,"priceFlip":false},"flag":"","classType":"REGULAR","fulfillmentBadges":["Pickup","Delivery"],"fulfillmentSpeed":null,"fulfillmentType":"STORE","id":"479327861","image":"https://i5.walmartimages.com/asr/b1e357a8-6110-4c24-8ddd-bc5135dbedcb.16e30746eeb25401bcb8a5a02c8c59c8.jpeg","isEarlyAccessItem":false,"isOutOfStock":false,"maxVisibleSwatchCount":4,"name":"Freshness Guaranteed Peanut Butter Snack Mix Bowl,12 oz","groupMetaData":null,"itemType":null,"pac":null,"offerId":"8030E1837AD34E8E8FC453B0E72A0EAA","sellerId":"F55CDC31AB754BB68FE0B39041159D63","showSubscribe":false,"sellerName":null,"salesUnitType":"EACH","weightIncrement":1,"hasSellerBadge":null,"preOrder":{"streetDate":null,"streetDateDisplayable":null,"streetDateType":null,"isPreOrder":false,"preOrderMessage":null,"preOrderStreetDateMessage":null},"price":6.47,"priceInfo":{"linePrice":"$6.47","priceDisplayCondition":null,"unitPrice":"53.9 ¢/oz","priceRangeString":"","subscriptionString":"","linePriceDisplay":"$6.47","eaPricingPreText":""},"usItemId":"479327861","variantList":[],"isVariantTypeSwatch":false,"type":"REGULAR","rating":{"averageRating":2.7,"numberOfReviews":34},"sponsoredProduct":null,"isSponsoredFlag":false,"brand":"Freshness Guaranteed","canonicalUrl":"/ip/Freshness-Guaranteed-Peanut-Butter-Snack-Mix-Bowl-12-oz/479327861?athcpid=479327861\u0026athpgid=AthenaContentPage_4740967\u0026athcgid=null\u0026athznid=ItemCarousel_ad7fdbd1-9c17-4527-bfe2-e3f19068f206_items\u0026athieid=v0\u0026athstid=CS020\u0026athguid=s-SwGJlwQKwJx4-cn3aD3PFfAgOp1Vtd9RFT\u0026athancid=null\u0026athena=true"},{"canAddToCart":true,"showOptions":false,"badge":null,"badgeGroups":[],"badges":{"flags":null,"labels":[],"tags":[{"key":"PICKUP","text":"Pickup","id":"L1001","rank":null},{"key":"DELIVERY","text":"Delivery","id":"L1002","rank":null}],"groups":[]},"earlyAccessEvent":false,"eventAttributes":{"specialBuy":false,"priceFlip":false},"flag":"","classType":"REGULAR","fulfillmentBadges":["Pickup","Delivery"],"fulfillmentSpeed":null,"fulfillmentType":"STORE","id":"1927603117","image":"https://i5.walmartimages.com/asr/bb2d6f8d-7928-489d-b9ac-c56a7d5c1d56.7b06152918c9a74ee42ea67c61e5f8b3.jpeg","isEarlyAccessItem":false,"isOutOfStock":false,"maxVisibleSwatchCount":4,"name":"Freshness Guaranteed Peanut Butter No Bake Cookies, 12.38 oz","groupMetaData":null,"itemType":null,"pac":null,"offerId":"DE876954A06B4895B4DC5FA1BB2258BE","sellerId":"F55CDC31AB754BB68FE0B39041159D63","showSubscribe":false,"sellerName":null,"salesUnitType":"EACH","weightIncrement":1,"hasSellerBadge":null,"preOrder":{"streetDate":null,"streetDateDisplayable":null,"streetDateType":null,"isPreOrder":false,"preOrderMessage":null,"preOrderStreetDateMessage":null},"price":4.48,"priceInfo":{"linePrice":"$4.48","priceDisplayCondition":null,"unitPrice":"36.2 ¢/oz","priceRangeString":"","subscriptionString":"","linePriceDisplay":"$4.48","eaPricingPreText":""},"usItemId":"1927603117","variantList":[],"isVariantTypeSwatch":false,"type":"REGULAR","rating":{"averageRating":3.3,"numberOfReviews":32},"sponsoredProduct":null,"isSponsoredFlag":false,"brand":"Freshness Guaranteed","canonicalUrl":"/ip/Freshness-Guaranteed-Peanut-Butter-No-Bake-Cookies-12-38-oz/1927603117?athcpid=1927603117\u0026athpgid=AthenaContentPage_4740967\u0026athcgid=null\u0026athznid=ItemCarousel_ad7fdbd1-9c17-4527-bfe2-e3f19068f206_items\u0026athieid=v0\u0026athstid=CS020\u0026athguid=s-SwGJlwQKwJx4-cn3aD3PFfAgOp1Vtd9RFT\u0026athancid=null\u0026athena=true"},{"canAddToCart":true,"showOptions":false,"badge":{"id":"L1600","text":"Best seller","key":"BESTSELLER","type":"LABEL","rank":1,"styleId":null},"badgeGroups":[],"badges":{"flags":[{"key":"BESTSELLER","text":"Best seller","type":"LABEL","id":"L1600","rank":1,"styleId":null}],"labels":[],"tags":[{"key":"PICKUP","text":"Pickup","id":"L1001","rank":null},{"key":"DELIVERY","text":"Delivery","id":"L1002","rank":null}],"groups":[]},"earlyAccessEvent":false,"eventAttributes":{"specialBuy":false,"priceFlip":false},"flag":"Best seller","classType":"REGULAR","fulfillmentBadges":["Pickup","Delivery"],"fulfillmentSpeed":null,"fulfillmentType":"STORE","id":"793858240","image":"https://i5.walmartimages.com/asr/a9f27c06-15e4-442e-a09f-3bbfd9ba8bb9.3fecb2713ea8255d42a9b70c7881abf3.jpeg","isEarlyAccessItem":false,"isOutOfStock":false,"maxVisibleSwatchCount":4,"name":"Freshness Guaranteed Mini Eclairs, 9.75 oz, 5 Count, Fresh Bakery, Shelf-Stable/ Ambient, Clam shell","groupMetaData":null,"itemType":null,"pac":null,"offerId":"D39F391D6F0C4909BDA796177605A017","sellerId":"F55CDC31AB754BB68FE0B39041159D63","showSubscribe":false,"sellerName":null,"salesUnitType":"EACH","weightIncrement":1,"hasSellerBadge":null,"preOrder":{"streetDate":null,"streetDateDisplayable":null,"streetDateType":null,"isPreOrder":false,"preOrderMessage":null,"preOrderStreetDateMessage":null},"price":3.47,"priceInfo":{"linePrice":"$3.47","priceDisplayCondition":null,"unitPrice":"35.6 ¢/oz","priceRangeString":"","subscriptionString":"","linePriceDisplay":"$3.47","eaPricingPreText":""},"usItemId":"793858240","variantList":[],"isVariantTypeSwatch":false,"type":"REGULAR","rating":{"averageRating":2.5,"numberOfReviews":221},"sponsoredProduct":null,"isSponsoredFlag":false,"brand":"Freshness Guaranteed","canonicalUrl":"/ip/Freshness-Guaranteed-Mini-Eclairs-9-75-oz-5-Count-Fresh-Bakery-Shelf-Stable-Ambient-Clam-shell/793858240?athcpid=793858240\u0026athpgid=AthenaContentPage_4740967\u0026athcgid=null\u0026athznid=ItemCarousel_ad7fdbd1-9c17-4527-bfe2-e3f19068f206_items\u0026athieid=v0\u0026athstid=CS020\u0026athguid=s-SwGJlwQKwJx4-cn3aD3PFfAgOp1Vtd9RFT\u0026athancid=null\u0026athena=true\u0026athbdg=L1600"},{"canAddToCart":true,"showOptions":false,"badge":{"id":"L1600","text":"Best seller","key":"BESTSELLER","type":"LABEL","rank":1,"styleId":null},"badgeGroups":[],"badges":{"flags":[{"key":"BESTSELLER","text":"Best seller","type":"LABEL","id":"L1600","rank":1,"styleId":null}],"labels":[],"tags":[{"key":"PICKUP","text":"Pickup","id":"L1001","rank":null},{"key":"DELIVERY","text":"Delivery","id":"L1002","rank":null}],"groups":[]},"earlyAccessEvent":false,"eventAttributes":{"specialBuy":false,"priceFlip":false},"flag":"Best seller","classType":"REGULAR","fulfillmentBadges":["Pickup","Delivery"],"fulfillmentSpeed":null,"fulfillmentType":"STORE","id":"763219758","image":"https://i5.walmartimages.com/asr/3657d575-a16c-4afd-90fa-6afbc5895525.51e775c1a37861927aec79f25dd93ef1.jpeg","isEarlyAccessItem":false,"isOutOfStock":false,"maxVisibleSwatchCount":4,"name":"Freshness Guaranteed Iced Vanilla \u0026 Chocolate Mini Donuts, 8 oz, 12 Count","groupMetaData":null,"itemType":null,"pac":null,"offerId":"120DE7F84ECB4C7BA47D760045826651","sellerId":"F55CDC31AB754BB68FE0B39041159D63","showSubscribe":false,"sellerName":null,"salesUnitType":"EACH","weightIncrement":1,"hasSellerBadge":null,"preOrder":{"streetDate":null,"streetDateDisplayable":null,"streetDateType":null,"isPreOrder":false,"preOrderMessage":null,"preOrderStreetDateMessage":null},"price":3.97,"priceInfo":{"linePrice":"$3.97","priceDisplayCondition":null,"unitPrice":"49.6 ¢/oz","priceRangeString":"","subscriptionString":"","linePriceDisplay":"$3.97","eaPricingPreText":""},"usItemId":"763219758","variantList":[],"isVariantTypeSwatch":false,"type":"REGULAR","rating":{"averageRating":3.6,"numberOfReviews":190},"sponsoredProduct":null,"isSponsoredFlag":false,"brand":"Freshness Guaranteed","canonicalUrl":"/ip/Freshness-Guaranteed-Iced-Vanilla-Chocolate-Mini-Donuts-8-oz-12-Count/763219758?athcpid=763219758\u0026athpgid=AthenaContentPage_4740967\u0026athcgid=null\u0026athznid=ItemCarousel_ad7fdbd1-9c17-4527-bfe2-e3f19068f206_items\u0026athieid=v0\u0026athstid=CS020\u0026athguid=s-SwGJlwQKwJx4-cn3aD3PFfAgOp1Vtd9RFT\u0026athancid=null\u0026athena=true\u0026athbdg=L1600"},{"canAddToCart":true,"showOptions":false,"badge":null,"badgeGroups":[],"badges":{"flags":null,"labels":[],"tags":[{"key":"PICKUP","text":"Pickup","id":"L1001","rank":null},{"key":"DELIVERY","text":"Delivery","id":"L1002","rank":null}],"groups":[]},"earlyAccessEvent":false,"eventAttributes":{"specialBuy":false,"priceFlip":false},"flag":"","classType":"REGULAR","fulfillmentBadges":["Pickup","Delivery"],"fulfillmentSpeed":null,"fulfillmentType":"STORE","id":"879835763","image":"https://i5.walmartimages.com/asr/a306f84a-8baf-4dc6-99f4-49abb3e19c6d.08e7e3ce4a9c3cdf9033ccf221c48b21.jpeg","isEarlyAccessItem":false,"isOutOfStock":false,"maxVisibleSwatchCount":4,"name":"Freshness Guaranteed Chocolate Mini Cake Bites, 13.5 oz, 16 Count, Clamshell","groupMetaData":null,"itemType":null,"pac":null,"offerId":"0A08C9987E7E456A8EAF8CD2D08A692C","sellerId":"F55CDC31AB754BB68FE0B39041159D63","showSubscribe":false,"sellerName":null,"salesUnitType":"EACH","weightIncrement":1,"hasSellerBadge":null,"preOrder":{"streetDate":null,"streetDateDisplayable":null,"streetDateType":null,"isPreOrder":false,"preOrderMessage":null,"preOrderStreetDateMessage":null},"price":6.47,"priceInfo":{"linePrice":"$6.47","priceDisplayCondition":null,"unitPrice":"47.9 ¢/oz","priceRangeString":"","subscriptionString":"","linePriceDisplay":"$6.47","eaPricingPreText":""},"usItemId":"879835763","variantList":[],"isVariantTypeSwatch":false,"type":"REGULAR","rating":{"averageRating":3.1,"numberOfReviews":25},"sponsoredProduct":null,"isSponsoredFlag":false,"brand":"Freshness Guaranteed","canonicalUrl":"/ip/Freshness-Guaranteed-Chocolate-Mini-Cake-Bites-13-5-oz-16-Count-Clamshell/879835763?athcpid=879835763\u0026athpgid=AthenaContentPage_4740967\u0026athcgid=null\u0026athznid=ItemCarousel_ad7fdbd1-9c17-4527-bfe2-e3f19068f206_items\u0026athieid=v0\u0026athstid=CS020\u0026athguid=s-SwGJlwQKwJx4-cn3aD3PFfAgOp1Vtd9RFT\u0026athancid=null\u0026athena=true"},{"canAddToCart":true,"showOptions":false,"badge":null,"badgeGroups":[],"badges":{"flags":null,"labels":[],"tags":[{"key":"PICKUP","text":"Pickup","id":"L1001","rank":null},{"key":"DELIVERY","text":"Delivery","id":"L1002","rank":null}],"groups":[]},"earlyAccessEvent":false,"eventAttributes":{"specialBuy":false,"priceFlip":false},"flag":"","classType":"REGULAR","fulfillmentBadges":["Pickup","Delivery"],"fulfillmentSpeed":null,"fulfillmentType":"STORE","id":"384351699","image":"https://i5.walmartimages.com/asr/fd011c80-de1b-4d82-8395-e50abd4354c8.811248b84fd17d52edd44bce04c11252.jpeg","isEarlyAccessItem":false,"isOutOfStock":false,"maxVisibleSwatchCount":4,"name":"Marketside Bite Sized Chocolate Chip Cookies, 12 oz, 48 Count","groupMetaData":null,"itemType":null,"pac":null,"offerId":"1F968DF4998146C19E94EAA5AB218FA4","sellerId":"F55CDC31AB754BB68FE0B39041159D63","showSubscribe":false,"sellerName":null,"salesUnitType":"EACH","weightIncrement":1,"hasSellerBadge":null,"preOrder":{"streetDate":null,"streetDateDisplayable":null,"streetDateType":null,"isPreOrder":false,"preOrderMessage":null,"preOrderStreetDateMessage":null},"price":5.87,"priceInfo":{"linePrice":"$5.87","priceDisplayCondition":null,"unitPrice":"48.9 ¢/oz","priceRangeString":"","subscriptionString":"","linePriceDisplay":"$5.87","eaPricingPreText":""},"usItemId":"384351699","variantList":[],"isVariantTypeSwatch":false,"type":"REGULAR","rating":{"averageRating":2.7,"numberOfReviews":72},"sponsoredProduct":null,"isSponsoredFlag":false,"brand":"Marketside","canonicalUrl":"/ip/Marketside-Bite-Sized-Chocolate-Chip-Cookies-12-oz-48-Count/384351699?athcpid=384351699\u0026athpgid=AthenaContentPage_4740967\u0026athcgid=null\u0026athznid=ItemCarousel_ad7fdbd1-9c17-4527-bfe2-e3f19068f206_items\u0026athieid=v0\u0026athstid=CS020\u0026athguid=s-SwGJlwQKwJx4-cn3aD3PFfAgOp1Vtd9RFT\u0026athancid=null\u0026athena=true"},{"canAddToCart":true,"showOptions":false,"badge":null,"badgeGroups":[],"badges":{"flags":null,"labels":[],"tags":[{"key":"PICKUP","text":"Pickup","id":"L1001","rank":null},{"key":"DELIVERY","text":"Delivery","id":"L1002","rank":null}],"groups":[]},"earlyAccessEvent":false,"eventAttributes":{"specialBuy":false,"priceFlip":false},"flag":"","classType":"REGULAR","fulfillmentBadges":["Pickup","Delivery"],"fulfillmentSpeed":null,"fulfillmentType":"STORE","id":"705041683","image":"https://i5.walmartimages.com/asr/dc8938d9-313c-4deb-a787-f55b7df06ea2.be3e00582fc6963341f782117630e498.jpeg","isEarlyAccessItem":false,"isOutOfStock":false,"maxVisibleSwatchCount":4,"name":"Marketside Chocolate Chip Edible Cookie Dough, 6 oz","groupMetaData":null,"itemType":null,"pac":null,"offerId":"C3C21AC4CD2B4A668657ECA9FFE2EF61","sellerId":"F55CDC31AB754BB68FE0B39041159D63","showSubscribe":false,"sellerName":null,"salesUnitType":"EACH","weightIncrement":1,"hasSellerBadge":null,"preOrder":{"streetDate":null,"streetDateDisplayable":null,"streetDateType":null,"isPreOrder":false,"preOrderMessage":null,"preOrderStreetDateMessage":null},"price":2.48,"priceInfo":{"linePrice":"$2.48","priceDisplayCondition":null,"unitPrice":"41.3 ¢/oz","priceRangeString":"","subscriptionString":"","linePriceDisplay":"$2.48","eaPricingPreText":""},"usItemId":"705041683","variantList":[],"isVariantTypeSwatch":false,"type":"REGULAR","rating":{"averageRating":4.2,"numberOfReviews":30},"sponsoredProduct":null,"isSponsoredFlag":false,"brand":"Marketside","canonicalUrl":"/ip/Marketside-Chocolate-Chip-Edible-Cookie-Dough-6-oz/705041683?athcpid=705041683\u0026athpgid=AthenaContentPage_4740967\u0026athcgid=null\u0026athznid=ItemCarousel_ad7fdbd1-9c17-4527-bfe2-e3f19068f206_items\u0026athieid=v0\u0026athstid=CS020\u0026athguid=s-SwGJlwQKwJx4-cn3aD3PFfAgOp1Vtd9RFT\u0026athancid=null\u0026athena=true"},{"canAddToCart":true,"showOptions":false,"badge":{"id":"L1600","text":"Best seller","key":"BESTSELLER","type":"LABEL","rank":1,"styleId":null},"badgeGroups":[],"badges":{"flags":[{"key":"BESTSELLER","text":"Best seller","type":"LABEL","id":"L1600","rank":1,"styleId":null}],"labels":[],"tags":[{"key":"PICKUP","text":"Pickup","id":"L1001","rank":null},{"key":"DELIVERY","text":"Delivery","id":"L1002","rank":null}],"groups":[]},"earlyAccessEvent":false,"eventAttributes":{"specialBuy":false,"priceFlip":false},"flag":"Best seller","classType":"REGULAR","fulfillmentBadges":["Pickup","Delivery"],"fulfillmentSpeed":null,"fulfillmentType":"STORE","id":"764088669","image":"https://i5.walmartimages.com/asr/a1dc2ef2-0260-4165-96c1-d3632f74b2c2.f551494b5e810dcde19e7b33a1ee70c8.jpeg","isEarlyAccessItem":false,"isOutOfStock":false,"maxVisibleSwatchCount":4,"name":"Freshness Guaranteed Brownie Bites, 13.93 oz, 21 Count, Chocolate Desserts","groupMetaData":null,"itemType":null,"pac":null,"offerId":"E19085F200A74A539EDA424D043E8BA7","sellerId":"F55CDC31AB754BB68FE0B39041159D63","showSubscribe":false,"sellerName":null,"salesUnitType":"EACH","weightIncrement":1,"hasSellerBadge":null,"preOrder":{"streetDate":null,"streetDateDisplayable":null,"streetDateType":null,"isPreOrder":false,"preOrderMessage":null,"preOrderStreetDateMessage":null},"price":4.76,"priceInfo":{"linePrice":"$4.76","priceDisplayCondition":null,"unitPrice":"34.2 ¢/oz","priceRangeString":"","subscriptionString":"","linePriceDisplay":"$4.76","eaPricingPreText":""},"usItemId":"764088669","variantList":[],"isVariantTypeSwatch":false,"type":"REGULAR","rating":{"averageRating":3.7,"numberOfReviews":158},"sponsoredProduct":null,"isSponsoredFlag":false,"brand":"Freshness Guaranteed","canonicalUrl":"/ip/Freshness-Guaranteed-Brownie-Bites-13-93-oz-21-Count-Chocolate-Desserts/764088669?athcpid=764088669\u0026athpgid=AthenaContentPage_4740967\u0026athcgid=null\u0026athznid=ItemCarousel_ad7fdbd1-9c17-4527-bfe2-e3f19068f206_items\u0026athieid=v0\u0026athstid=CS020\u0026athguid=s-SwGJlwQKwJx4-cn3aD3PFfAgOp1Vtd9RFT\u0026athancid=null\u0026athena=true\u0026athbdg=L1600"},{"canAddToCart":true,"showOptions":false,"badge":null,"badgeGroups":[],"badges":{"flags":null,"labels":[],"tags":[{"key":"PICKUP","text":"Pickup","id":"L1001","rank":null},{"key":"DELIVERY","text":"Delivery","id":"L1002","rank":null}],"groups":[]},"earlyAccessEvent":false,"eventAttributes":{"specialBuy":false,"priceFlip":false},"flag":"","classType":"REGULAR","fulfillmentBadges":["Pickup","Delivery"],"fulfillmentSpeed":null,"fulfillmentType":"STORE","id":"483764883","image":"https://i5.walmartimages.com/asr/2bf067a0-f547-4932-a9b3-2b465b14d778.91bde6000dbeeef8a895f1eb99a343ea.jpeg","isEarlyAccessItem":false,"isOutOfStock":false,"maxVisibleSwatchCount":4,"name":"Freshness Guaranteed Butter Palmier Cookies, 11.3 oz, Shelf Stable Pieces, 22 Cookies","groupMetaData":null,"itemType":null,"pac":null,"offerId":"9E52386AC29F4117919E28DD188365E3","sellerId":"F55CDC31AB754BB68FE0B39041159D63","showSubscribe":false,"sellerName":null,"salesUnitType":"EACH","weightIncrement":1,"hasSellerBadge":null,"preOrder":{"streetDate":null,"streetDateDisplayable":null,"streetDateType":null,"isPreOrder":false,"preOrderMessage":null,"preOrderStreetDateMessage":null},"price":6.47,"priceInfo":{"linePrice":"$6.47","priceDisplayCondition":null,"unitPrice":"57.3 ¢/oz","priceRangeString":"","subscriptionString":"","linePriceDisplay":"$6.47","eaPricingPreText":""},"usItemId":"483764883","variantList":[],"isVariantTypeSwatch":false,"type":"REGULAR","rating":{"averageRating":4.1,"numberOfReviews":52},"sponsoredProduct":null,"isSponsoredFlag":false,"brand":"Freshness Guaranteed","canonicalUrl":"/ip/Freshness-Guaranteed-Butter-Palmier-Cookies-11-3-oz-Shelf-Stable-Pieces-22-Cookies/483764883?athcpid=483764883\u0026athpgid=AthenaContentPage_4740967\u0026athcgid=null\u0026athznid=ItemCarousel_ad7fdbd1-9c17-4527-bfe2-e3f19068f206_items\u0026athieid=v0\u0026athstid=CS020\u0026athguid=s-SwGJlwQKwJx4-cn3aD3PFfAgOp1Vtd9RFT\u0026athancid=null\u0026athena=true"},{"canAddToCart":true,"showOptions":false,"badge":null,"badgeGroups":[],"badges":{"flags":null,"labels":[],"tags":[{"key":"PICKUP","text":"Pickup","id":"L1001","rank":null},{"key":"DELIVERY","text":"Delivery","id":"L1002","rank":null}],"groups":[]},"earlyAccessEvent":false,"eventAttributes":{"specialBuy":false,"priceFlip":false},"flag":"","classType":"REGULAR","fulfillmentBadges":["Pickup","Delivery"],"fulfillmentSpeed":null,"fulfillmentType":"STORE","id":"656386727","image":"https://i5.walmartimages.com/asr/457daf63-8cc4-4079-adba-7565b7a9f497.1ef3060ad279883a33305e2ef6bfec4d.jpeg","isEarlyAccessItem":false,"isOutOfStock":false,"maxVisibleSwatchCount":4,"name":"Marketside Chocolate and Vanilla Mini Cupcakes, 20 oz, 24 Count","groupMetaData":null,"itemType":null,"pac":null,"offerId":"BFC761382422490E9DE534127F186346","sellerId":"F55CDC31AB754BB68FE0B39041159D63","showSubscribe":false,"sellerName":null,"salesUnitType":"EACH","weightIncrement":1,"hasSellerBadge":null,"preOrder":{"streetDate":null,"streetDateDisplayable":null,"streetDateType":null,"isPreOrder":false,"preOrderMessage":null,"preOrderStreetDateMessage":null},"price":7.68,"priceInfo":{"linePrice":"$7.68","priceDisplayCondition":null,"unitPrice":"38.4 ¢/oz","priceRangeString":"","subscriptionString":"","linePriceDisplay":"$7.68","eaPricingPreText":""},"usItemId":"656386727","variantList":[],"isVariantTypeSwatch":false,"type":"REGULAR","rating":{"averageRating":3.8,"numberOfReviews":38},"sponsoredProduct":null,"isSponsoredFlag":false,"brand":"Marketside","canonicalUrl":"/ip/Marketside-Chocolate-and-Vanilla-Mini-Cupcakes-20-oz-24-Count/656386727?athcpid=656386727\u0026athpgid=AthenaContentPage_4740967\u0026athcgid=null\u0026athznid=ItemCarousel_ad7fdbd1-9c17-4527-bfe2-e3f19068f206_items\u0026athieid=v0\u0026athstid=CS020\u0026athguid=s-SwGJlwQKwJx4-cn3aD3PFfAgOp1Vtd9RFT\u0026athancid=null\u0026athena=true"},{"canAddToCart":true,"showOptions":false,"badge":null,"badgeGroups":[],"badges":{"flags":null,"labels":[],"tags":[{"key":"PICKUP","text":"Pickup","id":"L1001","rank":null},{"key":"DELIVERY","text":"Delivery","id":"L1002","rank":null}],"groups":[]},"earlyAccessEvent":false,"eventAttributes":{"specialBuy":false,"priceFlip":false},"flag":"","classType":"REGULAR","fulfillmentBadges":["Pickup","Delivery"],"fulfillmentSpeed":null,"fulfillmentType":"STORE","id":"2450523835","image":"https://i5.walmartimages.com/asr/a5bc5a0d-3ba2-43b2-9c7f-1f6d23002115.e88604e68671b3d93ad18e1b8393fb41.jpeg","isEarlyAccessItem":false,"isOutOfStock":false,"maxVisibleSwatchCount":4,"name":"Marketside Cookies \u0026 Cream Flavored Cake Pops, Ready to Eat, 4.2 Ounces, 2 Count per Pack","groupMetaData":null,"itemType":null,"pac":null,"offerId":"20D9CCFB521748FE8509B80B71574169","sellerId":"F55CDC31AB754BB68FE0B39041159D63","showSubscribe":false,"sellerName":null,"salesUnitType":"EACH","weightIncrement":1,"hasSellerBadge":null,"preOrder":{"streetDate":null,"streetDateDisplayable":null,"streetDateType":null,"isPreOrder":false,"preOrderMessage":null,"preOrderStreetDateMessage":null},"price":2.5,"priceInfo":{"linePrice":"$2.50","priceDisplayCondition":null,"unitPrice":"59.5 ¢/oz","priceRangeString":"","subscriptionString":"","linePriceDisplay":"$2.50","eaPricingPreText":""},"usItemId":"2450523835","variantList":[],"isVariantTypeSwatch":false,"type":"REGULAR","rating":{"averageRating":1.9,"numberOfReviews":46},"sponsoredProduct":null,"isSponsoredFlag":false,"brand":"Marketside","canonicalUrl":"/ip/Marketside-Cookies-Cream-Flavored-Cake-Pops-Ready-to-Eat-4-2-Ounces-2-Count-per-Pack/2450523835?athcpid=2450523835\u0026athpgid=AthenaContentPage_4740967\u0026athcgid=null\u0026athznid=ItemCarousel_ad7fdbd1-9c17-4527-bfe2-e3f19068f206_items\u0026athieid=v0\u0026athstid=CS020\u0026athguid=s-SwGJlwQKwJx4-cn3aD3PFfAgOp1Vtd9RFT\u0026athancid=null\u0026athena=true"}]}},"publishedDate":1691391348404,"moduleId":"ad7fdbd1-9c17-4527-bfe2-e3f19068f206","module_id":"ad7fdbd1-9c17-4527-bfe2-e3f19068f206","matchedTrigger":{"pageType":"ContentPage","pageId":"4740967","zone":"contentZone10","inheritable":false}},{"name":"Item Carousel Module - Start with the dips","type":"ItemCarousel","version":13,"status":"published","schedule":{"start":null,"end":null,"priority":1,"expEnabled":false},"triggers":[{"pageType":"ContentPage","pageId":"4740967","zone":"contentZone7","inheritable":false}],"configs":{"__typename":"TempoWM_GLASSWWWItemCarouselConfigsV1","type":null,"title":"Add the dips","subTitle":null,"viewAllLink":null,"spBeaconInfo":null,"tileOptions":null,"productsConfig":{"products":[{"canAddToCart":true,"showOptions":false,"badge":null,"badgeGroups":[],"badges":{"flags":null,"labels":[],"tags":[{"key":"PICKUP","text":"Pickup","id":"L1001","rank":null},{"key":"DELIVERY","text":"Delivery","id":"L1002","rank":null}],"groups":[]},"earlyAccessEvent":false,"eventAttributes":{"specialBuy":false,"priceFlip":false},"flag":"","classType":"REGULAR","fulfillmentBadges":["Pickup","Delivery"],"fulfillmentSpeed":null,"fulfillmentType":"STORE","id":"482903957","image":"https://i5.walmartimages.com/asr/9894cf47-3327-4ae4-b568-279466348762.1e045f37cf480e1daeec2cae75ed488d.jpeg","isEarlyAccessItem":false,"isOutOfStock":false,"maxVisibleSwatchCount":4,"name":"Fresh Cravings Roasted Red Pepper Hummus Dip, 10 oz. Plastic Tub, Gluten-Free, Dairy-Free, 2 Tbsp (32g)","groupMetaData":null,"itemType":null,"pac":null,"offerId":"601A037DC6754CE8AF371FF2E3F54ACD","sellerId":"F55CDC31AB754BB68FE0B39041159D63","showSubscribe":false,"sellerName":null,"salesUnitType":"EACH","weightIncrement":1,"hasSellerBadge":null,"preOrder":{"streetDate":null,"streetDateDisplayable":null,"streetDateType":null,"isPreOrder":false,"preOrderMessage":null,"preOrderStreetDateMessage":null},"price":3.47,"priceInfo":{"linePrice":"$3.47","priceDisplayCondition":null,"unitPrice":"34.7 ¢/oz","priceRangeString":"","subscriptionString":"","linePriceDisplay":"$3.47","eaPricingPreText":""},"usItemId":"482903957","variantList":[],"isVariantTypeSwatch":false,"type":"REGULAR","rating":{"averageRating":4.7,"numberOfReviews":2138},"sponsoredProduct":null,"isSponsoredFlag":false,"brand":"Fresh Cravings","canonicalUrl":"/ip/Fresh-Cravings-Roasted-Red-Pepper-Hummus-Dip-10-oz-Plastic-Tub-Gluten-Free-Dairy-Free-2-Tbsp-32g/482903957?athcpid=482903957\u0026athpgid=AthenaContentPage_4740967\u0026athcgid=null\u0026athznid=ItemCarousel_bd9fa8c0-dc83-4575-b26d-e538e2183bf1_items\u0026athieid=v0\u0026athstid=CS020\u0026athguid=s-SwGJlwQKwJx4-cn3aD3PFfAgOp1Vtd9RFT\u0026athancid=null\u0026athena=true"},{"canAddToCart":true,"showOptions":false,"badge":null,"badgeGroups":[],"badges":{"flags":null,"labels":[],"tags":[{"key":"PICKUP","text":"Pickup","id":"L1001","rank":null},{"key":"DELIVERY","text":"Delivery","id":"L1002","rank":null},{"key":"ONE_DAY_SHIPPING","text":"1-day shipping","id":"L1003","rank":null}],"groups":[]},"earlyAccessEvent":false,"eventAttributes":{"specialBuy":false,"priceFlip":false},"flag":"","classType":"REGULAR","fulfillmentBadges":["Pickup","Delivery","1-day shipping"],"fulfillmentSpeed":null,"fulfillmentType":"STORE","id":"119583978","image":"https://i5.walmartimages.com/asr/ce00985a-331b-4c30-9062-3ecf93ea6329.58c780c5b1391a7e06df41cfbb248f44.jpeg","isEarlyAccessItem":false,"isOutOfStock":false,"maxVisibleSwatchCount":4,"name":"Mike's Hot Honey - Honey with a Kick, Sweetness \u0026 Heat, 100% Pure Honey, Shelf-Stable, Gluten-Free \u0026 Paleo, 12 oz Bottle","groupMetaData":null,"itemType":null,"pac":null,"unsheduled_Delivery_SLA":null,"offerId":"9D6B265B1B3B4035B63D8720A0E8BE5E","sellerId":"F55CDC31AB754BB68FE0B39041159D63","showSubscribe":false,"sellerName":null,"salesUnitType":"EACH","weightIncrement":1,"hasSellerBadge":null,"preOrder":{"streetDate":null,"streetDateDisplayable":null,"streetDateType":null,"isPreOrder":false,"preOrderMessage":null,"preOrderStreetDateMessage":null},"price":9.47,"priceInfo":{"linePrice":"$9.47","priceDisplayCondition":null,"unitPrice":"78.9 ¢/oz","priceRangeString":"","subscriptionString":"","linePriceDisplay":"$9.47","eaPricingPreText":""},"usItemId":"119583978","variantList":[],"isVariantTypeSwatch":false,"type":"REGULAR","rating":{"averageRating":4.4,"numberOfReviews":155},"sponsoredProduct":null,"isSponsoredFlag":false,"brand":"Mike's Hot Honey","canonicalUrl":"/ip/Mike-s-Hot-Honey-Honey-with-a-Kick-Sweetness-Heat-100-Pure-Honey-Shelf-Stable-Gluten-Free-Paleo-12-oz-Bottle/119583978?athcpid=119583978\u0026athpgid=AthenaContentPage_4740967\u0026athcgid=null\u0026athznid=ItemCarousel_bd9fa8c0-dc83-4575-b26d-e538e2183bf1_items\u0026athieid=v0\u0026athstid=CS020\u0026athguid=s-SwGJlwQKwJx4-cn3aD3PFfAgOp1Vtd9RFT\u0026athancid=null\u0026athena=true"},{"canAddToCart":true,"showOptions":false,"badge":{"id":"L1600","text":"Best seller","key":"BESTSELLER","type":"LABEL","rank":1,"styleId":null},"badgeGroups":[],"badges":{"flags":[{"key":"BESTSELLER","text":"Best seller","type":"LABEL","id":"L1600","rank":1,"styleId":null}],"labels":[],"tags":[{"key":"PICKUP","text":"Pickup","id":"L1001","rank":null},{"key":"DELIVERY","text":"Delivery","id":"L1002","rank":null}],"groups":[]},"earlyAccessEvent":false,"eventAttributes":{"specialBuy":false,"priceFlip":false},"flag":"Best seller","classType":"REGULAR","fulfillmentBadges":["Pickup","Delivery"],"fulfillmentSpeed":null,"fulfillmentType":"STORE","id":"10308639","image":"https://i5.walmartimages.com/asr/a43f3c24-daec-4ab1-a419-92188ca65bbb.bc84dd75c79313f270a21484a66660d7.jpeg","isEarlyAccessItem":false,"isOutOfStock":false,"maxVisibleSwatchCount":4,"name":"Marzetti Cream Cheese Fruit Dip, 13.5 oz.","groupMetaData":null,"itemType":null,"pac":null,"offerId":"FA87AF5BA5474374B05DA0BEF1EBE12D","sellerId":"F55CDC31AB754BB68FE0B39041159D63","showSubscribe":false,"sellerName":null,"salesUnitType":"EACH","weightIncrement":1,"hasSellerBadge":null,"preOrder":{"streetDate":null,"streetDateDisplayable":null,"streetDateType":null,"isPreOrder":false,"preOrderMessage":null,"preOrderStreetDateMessage":null},"price":3.38,"priceInfo":{"linePrice":"$3.38","priceDisplayCondition":null,"unitPrice":"25.0 ¢/oz","priceRangeString":"","subscriptionString":"","linePriceDisplay":"$3.38","eaPricingPreText":""},"usItemId":"10308639","variantList":[],"isVariantTypeSwatch":false,"type":"REGULAR","rating":{"averageRating":4.1,"numberOfReviews":88},"sponsoredProduct":null,"isSponsoredFlag":false,"brand":"Marzetti","canonicalUrl":"/ip/Marzetti-Cream-Cheese-Fruit-Dip-13-5-oz/10308639?athcpid=10308639\u0026athpgid=AthenaContentPage_4740967\u0026athcgid=null\u0026athznid=ItemCarousel_bd9fa8c0-dc83-4575-b26d-e538e2183bf1_items\u0026athieid=v0\u0026athstid=CS020\u0026athguid=s-SwGJlwQKwJx4-cn3aD3PFfAgOp1Vtd9RFT\u0026athancid=null\u0026athena=true\u0026athbdg=L1600"},{"canAddToCart":true,"showOptions":false,"badge":null,"badgeGroups":[],"badges":{"flags":null,"labels":[],"tags":[{"key":"PICKUP","text":"Pickup","id":"L1001","rank":null},{"key":"DELIVERY","text":"Delivery","id":"L1002","rank":null}],"groups":[]},"earlyAccessEvent":false,"eventAttributes":{"specialBuy":false,"priceFlip":false},"flag":"","classType":"REGULAR","fulfillmentBadges":["Pickup","Delivery"],"fulfillmentSpeed":null,"fulfillmentType":"STORE","id":"789505963","image":"https://i5.walmartimages.com/asr/ea981ba2-2eeb-436f-8e11-f89df07be9b4.1aef25735dbd79944bb562cf6305da8a.jpeg","isEarlyAccessItem":false,"isOutOfStock":false,"maxVisibleSwatchCount":4,"name":"Fresh Cravings Classic Hummus Dip, 10 oz. Recyclable Plastic Tub, Gluten Free, 2 Tbsp (32g)","groupMetaData":null,"itemType":null,"pac":null,"offerId":"C812F60E22A146849656978206C0959E","sellerId":"F55CDC31AB754BB68FE0B39041159D63","showSubscribe":false,"sellerName":null,"salesUnitType":"EACH","weightIncrement":1,"hasSellerBadge":null,"preOrder":{"streetDate":null,"streetDateDisplayable":null,"streetDateType":null,"isPreOrder":false,"preOrderMessage":null,"preOrderStreetDateMessage":null},"price":3.47,"priceInfo":{"linePrice":"$3.47","priceDisplayCondition":null,"unitPrice":"34.7 ¢/oz","priceRangeString":"","subscriptionString":"","linePriceDisplay":"$3.47","eaPricingPreText":""},"usItemId":"789505963","variantList":[],"isVariantTypeSwatch":false,"type":"REGULAR","rating":{"averageRating":4.6,"numberOfReviews":1529},"sponsoredProduct":null,"isSponsoredFlag":false,"brand":"Fresh Cravings","canonicalUrl":"/ip/Fresh-Cravings-Classic-Hummus-Dip-10-oz-Recyclable-Plastic-Tub-Gluten-Free-2-Tbsp-32g/789505963?athcpid=789505963\u0026athpgid=AthenaContentPage_4740967\u0026athcgid=null\u0026athznid=ItemCarousel_bd9fa8c0-dc83-4575-b26d-e538e2183bf1_items\u0026athieid=v0\u0026athstid=CS020\u0026athguid=s-SwGJlwQKwJx4-cn3aD3PFfAgOp1Vtd9RFT\u0026athancid=null\u0026athena=true"},{"canAddToCart":true,"showOptions":false,"badge":null,"badgeGroups":[],"badges":{"flags":null,"labels":[],"tags":[{"key":"PICKUP","text":"Pickup","id":"L1001","rank":null},{"key":"DELIVERY","text":"Delivery","id":"L1002","rank":null},{"key":"ONE_DAY_SHIPPING","text":"1-day shipping","id":"L1003","rank":null}],"groups":[]},"earlyAccessEvent":false,"eventAttributes":{"specialBuy":false,"priceFlip":false},"flag":"","classType":"REGULAR","fulfillmentBadges":["Pickup","Delivery","1-day shipping"],"fulfillmentSpeed":null,"fulfillmentType":"STORE","id":"198237279","image":"https://i5.walmartimages.com/asr/0af3dd8e-c280-4afa-a0eb-84125092e06b.bacd955c41b9b13e95cda21ba844cc94.jpeg","isEarlyAccessItem":false,"isOutOfStock":false,"maxVisibleSwatchCount":4,"name":"Jamies Hive to Table 100% Raw Honey \u0026 Comb, Premium, Pure Honey, 16 oz Bottle","groupMetaData":null,"itemType":null,"pac":null,"unsheduled_Delivery_SLA":null,"offerId":"DF595B5461834C0BB31A5D5E770BE007","sellerId":"F55CDC31AB754BB68FE0B39041159D63","showSubscribe":false,"sellerName":null,"salesUnitType":"EACH","weightIncrement":1,"hasSellerBadge":null,"preOrder":{"streetDate":null,"streetDateDisplayable":null,"streetDateType":null,"isPreOrder":false,"preOrderMessage":null,"preOrderStreetDateMessage":null},"price":9.97,"priceInfo":{"linePrice":"$9.97","priceDisplayCondition":null,"unitPrice":"62.3 ¢/oz","priceRangeString":"","subscriptionString":"","linePriceDisplay":"$9.97","eaPricingPreText":""},"usItemId":"198237279","variantList":[],"isVariantTypeSwatch":false,"type":"REGULAR","rating":{"averageRating":4.2,"numberOfReviews":96},"sponsoredProduct":null,"isSponsoredFlag":false,"brand":"Jamie's Hive to Table","canonicalUrl":"/ip/Jamies-Hive-to-Table-100-Raw-Honey-Comb-Premium-Pure-Honey-16-oz-Bottle/198237279?athcpid=198237279\u0026athpgid=AthenaContentPage_4740967\u0026athcgid=null\u0026athznid=ItemCarousel_bd9fa8c0-dc83-4575-b26d-e538e2183bf1_items\u0026athieid=v0\u0026athstid=CS020\u0026athguid=s-SwGJlwQKwJx4-cn3aD3PFfAgOp1Vtd9RFT\u0026athancid=null\u0026athena=true"},{"canAddToCart":true,"showOptions":false,"badge":{"id":"L1600","text":"Best seller","key":"BESTSELLER","type":"LABEL","rank":1,"styleId":null},"badgeGroups":[],"badges":{"flags":[{"key":"BESTSELLER","text":"Best seller","type":"LABEL","id":"L1600","rank":1,"styleId":null}],"labels":[],"tags":[{"key":"PICKUP","text":"Pickup","id":"L1001","rank":null},{"key":"DELIVERY","text":"Delivery","id":"L1002","rank":null}],"groups":[]},"earlyAccessEvent":false,"eventAttributes":{"specialBuy":false,"priceFlip":false},"flag":"Best seller","classType":"REGULAR","fulfillmentBadges":["Pickup","Delivery"],"fulfillmentSpeed":null,"fulfillmentType":"STORE","id":"37915367","image":"https://i5.walmartimages.com/asr/6a6978ed-82bc-4cee-ad4d-93160401d4a1.09744ac48acfc99eb0d291af0ad10476.jpeg","isEarlyAccessItem":false,"isOutOfStock":false,"maxVisibleSwatchCount":4,"name":"Marketside Premium Heatable Spinach Artichoke Dip Small Tub (16 oz, 1 Count)","groupMetaData":null,"itemType":null,"pac":null,"offerId":"E5BD9763AD624A0B9819E9501F31C46C","sellerId":"F55CDC31AB754BB68FE0B39041159D63","showSubscribe":false,"sellerName":null,"salesUnitType":"EACH","weightIncrement":1,"hasSellerBadge":null,"preOrder":{"streetDate":null,"streetDateDisplayable":null,"streetDateType":null,"isPreOrder":false,"preOrderMessage":null,"preOrderStreetDateMessage":null},"price":5.54,"priceInfo":{"linePrice":"$5.54","priceDisplayCondition":null,"unitPrice":"34.6 ¢/oz","priceRangeString":"","subscriptionString":"","linePriceDisplay":"$5.54","eaPricingPreText":""},"usItemId":"37915367","variantList":[],"isVariantTypeSwatch":false,"type":"REGULAR","rating":{"averageRating":3.7,"numberOfReviews":299},"sponsoredProduct":null,"isSponsoredFlag":false,"brand":"Marketside","canonicalUrl":"/ip/Marketside-Premium-Heatable-Spinach-Artichoke-Dip-Small-Tub-16-oz-1-Count/37915367?athcpid=37915367\u0026athpgid=AthenaContentPage_4740967\u0026athcgid=null\u0026athznid=ItemCarousel_bd9fa8c0-dc83-4575-b26d-e538e2183bf1_items\u0026athieid=v0\u0026athstid=CS020\u0026athguid=s-SwGJlwQKwJx4-cn3aD3PFfAgOp1Vtd9RFT\u0026athancid=null\u0026athena=true\u0026athbdg=L1600"},{"canAddToCart":true,"showOptions":false,"badge":{"id":"L1600","text":"Best seller","key":"BESTSELLER","type":"LABEL","rank":1,"styleId":null},"badgeGroups":[],"badges":{"flags":[{"key":"BESTSELLER","text":"Best seller","type":"LABEL","id":"L1600","rank":1,"styleId":null}],"labels":[],"tags":[{"key":"PICKUP","text":"Pickup","id":"L1001","rank":null},{"key":"DELIVERY","text":"Delivery","id":"L1002","rank":null}],"groups":[]},"earlyAccessEvent":false,"eventAttributes":{"specialBuy":false,"priceFlip":false},"flag":"Best seller","classType":"REGULAR","fulfillmentBadges":["Pickup","Delivery"],"fulfillmentSpeed":null,"fulfillmentType":"STORE","id":"105455228","image":"https://i5.walmartimages.com/asr/966fe29d-71e0-47ec-8245-4b48793865c9.3a5dca776b9ae804f301ca477613eaa5.jpeg","isEarlyAccessItem":false,"isOutOfStock":false,"maxVisibleSwatchCount":4,"name":"Marketside Gluten-Free Roasted Garlic Hummus 10 oz, Ready to Eat, Resealable Cup, 2 Tbsp. Serving","groupMetaData":null,"itemType":null,"pac":null,"offerId":"DE09AF6F6DAF4A47A57057EF9BEDBFF4","sellerId":"F55CDC31AB754BB68FE0B39041159D63","showSubscribe":false,"sellerName":null,"salesUnitType":"EACH","weightIncrement":1,"hasSellerBadge":null,"preOrder":{"streetDate":null,"streetDateDisplayable":null,"streetDateType":null,"isPreOrder":false,"preOrderMessage":null,"preOrderStreetDateMessage":null},"price":2.87,"priceInfo":{"linePrice":"$2.87","priceDisplayCondition":null,"unitPrice":"28.7 ¢/oz","priceRangeString":"","subscriptionString":"","linePriceDisplay":"$2.87","eaPricingPreText":""},"usItemId":"105455228","variantList":[],"isVariantTypeSwatch":false,"type":"REGULAR","rating":{"averageRating":3.9,"numberOfReviews":142},"sponsoredProduct":null,"isSponsoredFlag":false,"brand":"Marketside","canonicalUrl":"/ip/Marketside-Gluten-Free-Roasted-Garlic-Hummus-10-oz-Ready-to-Eat-Resealable-Cup-2-Tbsp-Serving/105455228?athcpid=105455228\u0026athpgid=AthenaContentPage_4740967\u0026athcgid=null\u0026athznid=ItemCarousel_bd9fa8c0-dc83-4575-b26d-e538e2183bf1_items\u0026athieid=v0\u0026athstid=CS020\u0026athguid=s-SwGJlwQKwJx4-cn3aD3PFfAgOp1Vtd9RFT\u0026athancid=null\u0026athena=true\u0026athbdg=L1600"},{"canAddToCart":true,"showOptions":false,"badge":null,"badgeGroups":[],"badges":{"flags":null,"labels":[],"tags":[{"key":"PICKUP","text":"Pickup","id":"L1001","rank":null},{"key":"DELIVERY","text":"Delivery","id":"L1002","rank":null}],"groups":[]},"earlyAccessEvent":false,"eventAttributes":{"specialBuy":false,"priceFlip":false},"flag":"","classType":"REGULAR","fulfillmentBadges":["Pickup","Delivery"],"fulfillmentSpeed":null,"fulfillmentType":"STORE","id":"928930436","image":"https://i5.walmartimages.com/asr/27855947-e38b-40a6-8729-bc758906a6ef.5f395f7c79f3a7680de2808c380ecbbc.jpeg","isEarlyAccessItem":false,"isOutOfStock":false,"maxVisibleSwatchCount":4,"name":"Fischer and Wieser Whole Lemon Fig Marmalade 10.9oz","groupMetaData":null,"itemType":null,"pac":null,"offerId":"FA97D18B9C724DE39BCD5FC648890946","sellerId":"F55CDC31AB754BB68FE0B39041159D63","showSubscribe":false,"sellerName":null,"salesUnitType":"EACH","weightIncrement":1,"hasSellerBadge":null,"preOrder":{"streetDate":null,"streetDateDisplayable":null,"streetDateType":null,"isPreOrder":false,"preOrderMessage":null,"preOrderStreetDateMessage":null},"price":4.56,"priceInfo":{"linePrice":"$4.56","priceDisplayCondition":null,"unitPrice":"41.8 ¢/oz","priceRangeString":"","subscriptionString":"","linePriceDisplay":"$4.56","eaPricingPreText":""},"usItemId":"928930436","variantList":[],"isVariantTypeSwatch":false,"type":"REGULAR","rating":{"averageRating":4.9,"numberOfReviews":14},"sponsoredProduct":null,"isSponsoredFlag":false,"brand":"Fischer \u0026 Wieser","canonicalUrl":"/ip/Fischer-and-Wieser-Whole-Lemon-Fig-Marmalade-10-9oz/928930436?athcpid=928930436\u0026athpgid=AthenaContentPage_4740967\u0026athcgid=null\u0026athznid=ItemCarousel_bd9fa8c0-dc83-4575-b26d-e538e2183bf1_items\u0026athieid=v0\u0026athstid=CS020\u0026athguid=s-SwGJlwQKwJx4-cn3aD3PFfAgOp1Vtd9RFT\u0026athancid=null\u0026athena=true"},{"canAddToCart":true,"showOptions":false,"badge":null,"badgeGroups":[],"badges":{"flags":null,"labels":[],"tags":[{"key":"PICKUP","text":"Pickup","id":"L1001","rank":null},{"key":"DELIVERY","text":"Delivery","id":"L1002","rank":null}],"groups":[]},"earlyAccessEvent":false,"eventAttributes":{"specialBuy":false,"priceFlip":false},"flag":"","classType":"REGULAR","fulfillmentBadges":["Pickup","Delivery"],"fulfillmentSpeed":null,"fulfillmentType":"STORE","id":"19500170","image":"https://i5.walmartimages.com/asr/448f6063-8946-4b5e-a097-c31780975530.7e8dfbbba9287d1c1ab67405b2312d22.jpeg","isEarlyAccessItem":false,"isOutOfStock":false,"maxVisibleSwatchCount":4,"name":"Dolci Frutta, Hard Chocolate Shell, 8 oz.","groupMetaData":null,"itemType":null,"pac":null,"offerId":"52BFF3DC92104A0785C8120F40E51F8F","sellerId":"F55CDC31AB754BB68FE0B39041159D63","showSubscribe":false,"sellerName":null,"salesUnitType":"EACH","weightIncrement":1,"hasSellerBadge":null,"preOrder":{"streetDate":null,"streetDateDisplayable":null,"streetDateType":null,"isPreOrder":false,"preOrderMessage":null,"preOrderStreetDateMessage":null},"price":3.48,"priceInfo":{"linePrice":"$3.48","priceDisplayCondition":null,"unitPrice":"43.5 ¢/oz","priceRangeString":"","subscriptionString":"","linePriceDisplay":"$3.48","eaPricingPreText":""},"usItemId":"19500170","variantList":[],"isVariantTypeSwatch":false,"type":"REGULAR","rating":{"averageRating":4,"numberOfReviews":25},"sponsoredProduct":null,"isSponsoredFlag":false,"brand":"DOLCI FRUTTA","canonicalUrl":"/ip/Dolci-Frutta-Hard-Chocolate-Shell-8-oz/19500170?athcpid=19500170\u0026athpgid=AthenaContentPage_4740967\u0026athcgid=null\u0026athznid=ItemCarousel_bd9fa8c0-dc83-4575-b26d-e538e2183bf1_items\u0026athieid=v0\u0026athstid=CS020\u0026athguid=s-SwGJlwQKwJx4-cn3aD3PFfAgOp1Vtd9RFT\u0026athancid=null\u0026athena=true"},{"canAddToCart":true,"showOptions":false,"badge":{"id":"L1600","text":"Best seller","key":"BESTSELLER","type":"LABEL","rank":1,"styleId":null},"badgeGroups":[],"badges":{"flags":[{"key":"BESTSELLER","text":"Best seller","type":"LABEL","id":"L1600","rank":1,"styleId":null}],"labels":[],"tags":[{"key":"PICKUP","text":"Pickup","id":"L1001","rank":null},{"key":"DELIVERY","text":"Delivery","id":"L1002","rank":null}],"groups":[]},"earlyAccessEvent":false,"eventAttributes":{"specialBuy":false,"priceFlip":false},"flag":"Best seller","classType":"REGULAR","fulfillmentBadges":["Pickup","Delivery"],"fulfillmentSpeed":null,"fulfillmentType":"STORE","id":"19758035","image":"https://i5.walmartimages.com/asr/8e0e4cc4-73de-4508-8d2d-643f1369b92d.3f38aa3c08bdc4434cd63fa90cf2b8fd.jpeg","isEarlyAccessItem":false,"isOutOfStock":false,"maxVisibleSwatchCount":4,"name":"Italian Rose Gluten-Free Garlic Spread, 4 oz","groupMetaData":null,"itemType":null,"pac":null,"offerId":"72910B1C6CBF4E1CA41DE4051DDD0345","sellerId":"F55CDC31AB754BB68FE0B39041159D63","showSubscribe":false,"sellerName":null,"salesUnitType":"EACH","weightIncrement":1,"hasSellerBadge":null,"preOrder":{"streetDate":null,"streetDateDisplayable":null,"streetDateType":null,"isPreOrder":false,"preOrderMessage":null,"preOrderStreetDateMessage":null},"price":2.54,"priceInfo":{"linePrice":"$2.54","priceDisplayCondition":null,"unitPrice":"63.5 ¢/oz","priceRangeString":"","subscriptionString":"","linePriceDisplay":"$2.54","eaPricingPreText":""},"usItemId":"19758035","variantList":[],"isVariantTypeSwatch":false,"type":"REGULAR","rating":{"averageRating":4.2,"numberOfReviews":90},"sponsoredProduct":null,"isSponsoredFlag":false,"brand":"Italian Rose","canonicalUrl":"/ip/Italian-Rose-Gluten-Free-Garlic-Spread-4-oz/19758035?athcpid=19758035\u0026athpgid=AthenaContentPage_4740967\u0026athcgid=null\u0026athznid=ItemCarousel_bd9fa8c0-dc83-4575-b26d-e538e2183bf1_items\u0026athieid=v0\u0026athstid=CS020\u0026athguid=s-SwGJlwQKwJx4-cn3aD3PFfAgOp1Vtd9RFT\u0026athancid=null\u0026athena=true\u0026athbdg=L1600"},{"canAddToCart":true,"showOptions":false,"badge":null,"badgeGroups":[],"badges":{"flags":null,"labels":[],"tags":[{"key":"ONE_DAY_SHIPPING","text":"1-day shipping","id":"L1003","rank":null}],"groups":[]},"earlyAccessEvent":false,"eventAttributes":{"specialBuy":false,"priceFlip":false},"flag":"","classType":"VARIANT","fulfillmentBadges":["1-day shipping"],"fulfillmentSpeed":null,"fulfillmentType":"FC","id":"534160572","image":"https://i5.walmartimages.com/seo/Great-Value-Raw-Honey-32-oz-Plastic-Inverted-Bottle_a81cfb11-7f89-43e1-acf2-87a07a621391.d74b21b9999b317ea293d014282ec16e.jpeg","isEarlyAccessItem":false,"isOutOfStock":false,"maxVisibleSwatchCount":4,"name":"Great Value Raw Honey, 32 oz Plastic Inverted Bottle","groupMetaData":null,"itemType":null,"pac":null,"unsheduled_Delivery_SLA":null,"offerId":"34CB527C76874527AA3DB1B88597D6A3","sellerId":"F55CDC31AB754BB68FE0B39041159D63","showSubscribe":false,"sellerName":null,"salesUnitType":"EACH","weightIncrement":1,"hasSellerBadge":null,"preOrder":{"streetDate":null,"streetDateDisplayable":null,"streetDateType":null,"isPreOrder":false,"preOrderMessage":null,"preOrderStreetDateMessage":null},"price":10.97,"priceInfo":{"linePrice":"$10.97","priceDisplayCondition":null,"unitPrice":"34.3 ¢/oz","priceRangeString":"","subscriptionString":"","linePriceDisplay":"$10.97","eaPricingPreText":""},"usItemId":"534160572","variantList":[null,null],"isVariantTypeSwatch":false,"type":"VARIANT","rating":{"averageRating":4.7,"numberOfReviews":1025},"sponsoredProduct":null,"isSponsoredFlag":false,"brand":"Great Value","canonicalUrl":"/ip/Great-Value-Raw-Honey-32-oz-Plastic-Inverted-Bottle/534160572?athcpid=534160572\u0026athpgid=AthenaContentPage_4740967\u0026athcgid=null\u0026athznid=ItemCarousel_bd9fa8c0-dc83-4575-b26d-e538e2183bf1_items\u0026athieid=v0\u0026athstid=CS020\u0026athguid=s-SwGJlwQKwJx4-cn3aD3PFfAgOp1Vtd9RFT\u0026athancid=null\u0026athena=true"},{"canAddToCart":true,"showOptions":false,"badge":null,"badgeGroups":[],"badges":{"flags":null,"labels":[],"tags":[{"key":"PICKUP","text":"Pickup","id":"L1001","rank":null},{"key":"DELIVERY","text":"Delivery","id":"L1002","rank":null},{"key":"ONE_DAY_SHIPPING","text":"1-day shipping","id":"L1003","rank":null}],"groups":[]},"earlyAccessEvent":false,"eventAttributes":{"specialBuy":false,"priceFlip":false},"flag":"","classType":"REGULAR","fulfillmentBadges":["Pickup","Delivery","1-day shipping"],"fulfillmentSpeed":null,"fulfillmentType":"STORE","id":"19857695","image":"https://i5.walmartimages.com/asr/f9850443-8dfa-4340-bcad-074ed89aad8d.cd91f5bf234d62fd4e3f7f3b40b60601.png","isEarlyAccessItem":false,"isOutOfStock":false,"maxVisibleSwatchCount":4,"name":"Biscoff Cookie Butter, Lotus Creamy Nut-Free Spread, 14.1 oz Jar","groupMetaData":null,"itemType":null,"pac":null,"unsheduled_Delivery_SLA":null,"offerId":"A03C040738D2417AA2A633180C0B2ABE","sellerId":"F55CDC31AB754BB68FE0B39041159D63","showSubscribe":false,"sellerName":null,"salesUnitType":"EACH","weightIncrement":1,"hasSellerBadge":null,"preOrder":{"streetDate":null,"streetDateDisplayable":null,"streetDateType":null,"isPreOrder":false,"preOrderMessage":null,"preOrderStreetDateMessage":null},"price":5.96,"priceInfo":{"linePrice":"$5.96","priceDisplayCondition":null,"unitPrice":"42.3 ¢/oz","priceRangeString":"","subscriptionString":"","linePriceDisplay":"$5.96","eaPricingPreText":""},"usItemId":"19857695","variantList":[],"isVariantTypeSwatch":false,"type":"REGULAR","rating":{"averageRating":4.3,"numberOfReviews":954},"sponsoredProduct":null,"isSponsoredFlag":false,"brand":"Biscoff","canonicalUrl":"/ip/Biscoff-Cookie-Butter-Lotus-Creamy-Nut-Free-Spread-14-1-oz-Jar/19857695?athcpid=19857695\u0026athpgid=AthenaContentPage_4740967\u0026athcgid=null\u0026athznid=ItemCarousel_bd9fa8c0-dc83-4575-b26d-e538e2183bf1_items\u0026athieid=v0\u0026athstid=CS020\u0026athguid=s-SwGJlwQKwJx4-cn3aD3PFfAgOp1Vtd9RFT\u0026athancid=null\u0026athena=true"}]}},"publishedDate":1699993578553,"moduleId":"bd9fa8c0-dc83-4575-b26d-e538e2183bf1","module_id":"bd9fa8c0-dc83-4575-b26d-e538e2183bf1","matchedTrigger":{"pageType":"ContentPage","pageId":"4740967","zone":"contentZone7","inheritable":false}},{"name":"Item Carousel Module - The Prima 'Donna' Della","type":"ItemCarousel","version":12,"status":"published","schedule":{"start":null,"end":null,"priority":1,"expEnabled":false},"triggers":[{"pageType":"ContentPage","pageId":"4740967","zone":"contentZone13","inheritable":false}],"configs":{"__typename":"TempoWM_GLASSWWWItemCarouselConfigsV1","type":null,"title":"Deli sliced meat \u0026 cheese","subTitle":null,"viewAllLink":{"linkText":"Shop all","title":"Shop all","clickThrough":{"type":"url","value":"https://www.walmart.com/browse/deli-meat-cheese/deli-sliced-meat/976759_976789_5428795_2533789?povid=976759_itemcarousel_4740967_Delislicedmeatandcheese_Shopall_Rweb_Jun_14"}},"spBeaconInfo":null,"tileOptions":null,"productsConfig":{"products":[{"canAddToCart":true,"showOptions":false,"badge":{"id":"L1600","text":"Best seller","key":"BESTSELLER","type":"LABEL","rank":1,"styleId":null},"badgeGroups":[],"badges":{"flags":[{"key":"BESTSELLER","text":"Best seller","type":"LABEL","id":"L1600","rank":1,"styleId":null}],"labels":[],"tags":[{"key":"PICKUP","text":"Pickup","id":"L1001","rank":null},{"key":"DELIVERY","text":"Delivery","id":"L1002","rank":null}],"groups":[]},"earlyAccessEvent":false,"eventAttributes":{"specialBuy":false,"priceFlip":false},"flag":"Best seller","classType":"REGULAR","fulfillmentBadges":["Pickup","Delivery"],"fulfillmentSpeed":null,"fulfillmentType":"STORE","id":"14940796","image":"https://i5.walmartimages.com/asr/1a38e7dd-b632-4432-b270-00a6084e15d7.450c1c7e3d2a2b510e7e6d0aef23f7ff.jpeg","isEarlyAccessItem":false,"isOutOfStock":false,"maxVisibleSwatchCount":4,"name":"Prima Della Hard Salami, Deli Sliced","groupMetaData":null,"itemType":null,"pac":null,"offerId":"B7B57BA61D184764A627A52865BB24F5","sellerId":"F55CDC31AB754BB68FE0B39041159D63","showSubscribe":false,"sellerName":null,"salesUnitType":"WEIGHT","weightIncrement":0.25,"hasSellerBadge":null,"preOrder":{"streetDate":null,"streetDateDisplayable":null,"streetDateType":null,"isPreOrder":false,"preOrderMessage":null,"preOrderStreetDateMessage":null},"price":8.77,"priceInfo":{"linePrice":"$8.77","priceDisplayCondition":"/ lb","priceRangeString":"","subscriptionString":"","linePriceDisplay":"$8.77","eaPricingPreText":""},"usItemId":"14940796","variantList":[],"isVariantTypeSwatch":false,"type":"REGULAR","rating":{"averageRating":0,"numberOfReviews":0},"sponsoredProduct":null,"isSponsoredFlag":false,"brand":"Prima Della","canonicalUrl":"/ip/Prima-Della-Hard-Salami-Deli-Sliced/14940796?athcpid=14940796\u0026athpgid=AthenaContentPage_4740967\u0026athcgid=null\u0026athznid=ItemCarousel_3da2d504-f1fb-4469-af21-4b6097aa0ad5_items\u0026athieid=v0\u0026athstid=CS020\u0026athguid=s-SwGJlwQKwJx4-cn3aD3PFfAgOp1Vtd9RFT\u0026athancid=null\u0026athena=true\u0026athbdg=L1600"},{"canAddToCart":true,"showOptions":false,"badge":null,"badgeGroups":[],"badges":{"flags":null,"labels":[],"tags":[{"key":"PICKUP","text":"Pickup","id":"L1001","rank":null},{"key":"DELIVERY","text":"Delivery","id":"L1002","rank":null}],"groups":[]},"earlyAccessEvent":false,"eventAttributes":{"specialBuy":false,"priceFlip":false},"flag":"","classType":"REGULAR","fulfillmentBadges":["Pickup","Delivery"],"fulfillmentSpeed":null,"fulfillmentType":"STORE","id":"47934608","image":"https://i5.walmartimages.com/asr/3bdb1e89-e205-4f43-9927-aed5f0cc5c19.f5e3ac2d89c26b048b36745cbe32fdb4.jpeg","isEarlyAccessItem":false,"isOutOfStock":false,"maxVisibleSwatchCount":4,"name":"Prima Della Sandwich Pepperoni, Deli Sliced","groupMetaData":null,"itemType":null,"pac":null,"offerId":"D6836B76B86847ED839CE094906FE7AF","sellerId":"F55CDC31AB754BB68FE0B39041159D63","showSubscribe":false,"sellerName":null,"salesUnitType":"WEIGHT","weightIncrement":0.25,"hasSellerBadge":null,"preOrder":{"streetDate":null,"streetDateDisplayable":null,"streetDateType":null,"isPreOrder":false,"preOrderMessage":null,"preOrderStreetDateMessage":null},"price":8.77,"priceInfo":{"linePrice":"$8.77","priceDisplayCondition":"/ lb","priceRangeString":"","subscriptionString":"","linePriceDisplay":"$8.77","eaPricingPreText":""},"usItemId":"47934608","variantList":[],"isVariantTypeSwatch":false,"type":"REGULAR","rating":{"averageRating":0,"numberOfReviews":0},"sponsoredProduct":null,"isSponsoredFlag":false,"brand":"Prima Della","canonicalUrl":"/ip/Prima-Della-Sandwich-Pepperoni-Deli-Sliced/47934608?athcpid=47934608\u0026athpgid=AthenaContentPage_4740967\u0026athcgid=null\u0026athznid=ItemCarousel_3da2d504-f1fb-4469-af21-4b6097aa0ad5_items\u0026athieid=v0\u0026athstid=CS020\u0026athguid=s-SwGJlwQKwJx4-cn3aD3PFfAgOp1Vtd9RFT\u0026athancid=null\u0026athena=true"},{"canAddToCart":true,"showOptions":false,"badge":null,"badgeGroups":[],"badges":{"flags":null,"labels":[],"tags":[{"key":"PICKUP","text":"Pickup","id":"L1001","rank":null},{"key":"DELIVERY","text":"Delivery","id":"L1002","rank":null}],"groups":[]},"earlyAccessEvent":false,"eventAttributes":{"specialBuy":false,"priceFlip":false},"flag":"","classType":"REGULAR","fulfillmentBadges":["Pickup","Delivery"],"fulfillmentSpeed":null,"fulfillmentType":"STORE","id":"11027967","image":"https://i5.walmartimages.com/asr/2b0f6e59-44e8-4eb3-99cb-43ab23a569a4.073a25b068d6d335a95a38591bc3b110.jpeg","isEarlyAccessItem":false,"isOutOfStock":false,"maxVisibleSwatchCount":4,"name":"Prima Della Provolone Cheese, Deli Sliced","groupMetaData":null,"itemType":null,"pac":null,"offerId":"D883DB1097B74421BECFC41C24D7F69A","sellerId":"F55CDC31AB754BB68FE0B39041159D63","showSubscribe":false,"sellerName":null,"salesUnitType":"WEIGHT","weightIncrement":0.25,"hasSellerBadge":null,"preOrder":{"streetDate":null,"streetDateDisplayable":null,"streetDateType":null,"isPreOrder":false,"preOrderMessage":null,"preOrderStreetDateMessage":null},"price":7.62,"priceInfo":{"linePrice":"$7.62","priceDisplayCondition":"/ lb","priceRangeString":"","subscriptionString":"","linePriceDisplay":"$7.62","eaPricingPreText":""},"usItemId":"11027967","variantList":[],"isVariantTypeSwatch":false,"type":"REGULAR","rating":{"averageRating":2.7,"numberOfReviews":78},"sponsoredProduct":null,"isSponsoredFlag":false,"brand":"Prima Della","canonicalUrl":"/ip/Prima-Della-Provolone-Cheese-Deli-Sliced/11027967?athcpid=11027967\u0026athpgid=AthenaContentPage_4740967\u0026athcgid=null\u0026athznid=ItemCarousel_3da2d504-f1fb-4469-af21-4b6097aa0ad5_items\u0026athieid=v0\u0026athstid=CS020\u0026athguid=s-SwGJlwQKwJx4-cn3aD3PFfAgOp1Vtd9RFT\u0026athancid=null\u0026athena=true"},{"canAddToCart":true,"showOptions":false,"badge":null,"badgeGroups":[],"badges":{"flags":null,"labels":[],"tags":[{"key":"PICKUP","text":"Pickup","id":"L1001","rank":null},{"key":"DELIVERY","text":"Delivery","id":"L1002","rank":null}],"groups":[]},"earlyAccessEvent":false,"eventAttributes":{"specialBuy":false,"priceFlip":false},"flag":"","classType":"REGULAR","fulfillmentBadges":["Pickup","Delivery"],"fulfillmentSpeed":null,"fulfillmentType":"STORE","id":"115102436","image":"https://i5.walmartimages.com/asr/c4b6a14e-8cbe-4b93-8732-bfac4729eff8.89076da135b5ee66cd0571972c4e32d9.jpeg","isEarlyAccessItem":false,"isOutOfStock":false,"maxVisibleSwatchCount":4,"name":"Prima Della Swiss Cheese Loaf, Deli Sliced","groupMetaData":null,"itemType":null,"pac":null,"offerId":"CF743E87D3E34FCB84077A0313AF20EF","sellerId":"F55CDC31AB754BB68FE0B39041159D63","showSubscribe":false,"sellerName":null,"salesUnitType":"WEIGHT","weightIncrement":0.25,"hasSellerBadge":null,"preOrder":{"streetDate":null,"streetDateDisplayable":null,"streetDateType":null,"isPreOrder":false,"preOrderMessage":null,"preOrderStreetDateMessage":null},"price":7.62,"priceInfo":{"linePrice":"$7.62","priceDisplayCondition":"/ lb","priceRangeString":"","subscriptionString":"","linePriceDisplay":"$7.62","eaPricingPreText":""},"usItemId":"115102436","variantList":[],"isVariantTypeSwatch":false,"type":"REGULAR","rating":{"averageRating":2.8,"numberOfReviews":80},"sponsoredProduct":null,"isSponsoredFlag":false,"brand":"Prima Della","canonicalUrl":"/ip/Prima-Della-Swiss-Cheese-Loaf-Deli-Sliced/115102436?athcpid=115102436\u0026athpgid=AthenaContentPage_4740967\u0026athcgid=null\u0026athznid=ItemCarousel_3da2d504-f1fb-4469-af21-4b6097aa0ad5_items\u0026athieid=v0\u0026athstid=CS020\u0026athguid=s-SwGJlwQKwJx4-cn3aD3PFfAgOp1Vtd9RFT\u0026athancid=null\u0026athena=true"},{"canAddToCart":false,"showOptions":true,"badge":null,"badgeGroups":[],"badges":{"flags":null,"labels":[],"tags":[{"key":"PICKUP","text":"Pickup","id":"L1001","rank":null},{"key":"DELIVERY","text":"Delivery","id":"L1002","rank":null}],"groups":[]},"earlyAccessEvent":false,"eventAttributes":{"specialBuy":false,"priceFlip":false},"flag":"","classType":"BVSHELL","fulfillmentBadges":["Pickup","Delivery"],"fulfillmentSpeed":null,"fulfillmentType":"STORE","id":"109066789","image":"https://i5.walmartimages.com/asr/697ee40b-5180-4328-b14f-d405dab47704.aa35580e0b08719d3181466ace80bcff.jpeg","isEarlyAccessItem":false,"isOutOfStock":false,"maxVisibleSwatchCount":4,"name":"Sara Lee Premium Meats Gluten Free Black Forest Ham, Deli Sliced","groupMetaData":null,"itemType":null,"pac":null,"offerId":"F8893DCF13C942F387B1B0290AE45F53","sellerId":"F55CDC31AB754BB68FE0B39041159D63","showSubscribe":false,"sellerName":null,"salesUnitType":"WEIGHT","weightIncrement":0.25,"hasSellerBadge":null,"preOrder":{"streetDate":null,"streetDateDisplayable":null,"streetDateType":null,"isPreOrder":false,"preOrderMessage":null,"preOrderStreetDateMessage":null},"price":8.47,"priceInfo":{"linePrice":"$8.47","priceDisplayCondition":"/ lb","priceRangeString":"","subscriptionString":"","linePriceDisplay":"$8.47","eaPricingPreText":""},"usItemId":"109066789","variantList":[],"isVariantTypeSwatch":false,"type":"BVSHELL","rating":{"averageRating":0,"numberOfReviews":0},"sponsoredProduct":null,"isSponsoredFlag":false,"brand":"Sara Lee","canonicalUrl":"/ip/Sara-Lee-Premium-Meats-Gluten-Free-Black-Forest-Ham-Deli-Sliced/109066789?athcpid=109066789\u0026athpgid=AthenaContentPage_4740967\u0026athcgid=null\u0026athznid=ItemCarousel_3da2d504-f1fb-4469-af21-4b6097aa0ad5_items\u0026athieid=v0\u0026athstid=CS020\u0026athguid=s-SwGJlwQKwJx4-cn3aD3PFfAgOp1Vtd9RFT\u0026athancid=null\u0026athena=true"},{"canAddToCart":true,"showOptions":false,"badge":null,"badgeGroups":[],"badges":{"flags":null,"labels":[],"tags":[{"key":"PICKUP","text":"Pickup","id":"L1001","rank":null},{"key":"DELIVERY","text":"Delivery","id":"L1002","rank":null}],"groups":[]},"earlyAccessEvent":false,"eventAttributes":{"specialBuy":false,"priceFlip":false},"flag":"","classType":"REGULAR","fulfillmentBadges":["Pickup","Delivery"],"fulfillmentSpeed":null,"fulfillmentType":"STORE","id":"961988622","image":"https://i5.walmartimages.com/asr/fb45a79d-dbeb-40d7-938b-d36c95fbc4b2.20bf7828ef808b1c3601c5d2a3408c0e.jpeg","isEarlyAccessItem":false,"isOutOfStock":false,"maxVisibleSwatchCount":4,"name":"Prima Della Honey Ham, Deli Sliced","groupMetaData":null,"itemType":null,"pac":null,"offerId":"F551C8A4D5704C9F92CE3FA20AB214FF","sellerId":"F55CDC31AB754BB68FE0B39041159D63","showSubscribe":false,"sellerName":null,"salesUnitType":"WEIGHT","weightIncrement":0.25,"hasSellerBadge":null,"preOrder":{"streetDate":null,"streetDateDisplayable":null,"streetDateType":null,"isPreOrder":false,"preOrderMessage":null,"preOrderStreetDateMessage":null},"price":8.77,"priceInfo":{"linePrice":"$8.77","priceDisplayCondition":"/ lb","priceRangeString":"","subscriptionString":"","linePriceDisplay":"$8.77","eaPricingPreText":""},"usItemId":"961988622","variantList":[],"isVariantTypeSwatch":false,"type":"REGULAR","rating":{"averageRating":0,"numberOfReviews":0},"sponsoredProduct":null,"isSponsoredFlag":false,"brand":"Prima Della","canonicalUrl":"/ip/Prima-Della-Honey-Ham-Deli-Sliced/961988622?athcpid=961988622\u0026athpgid=AthenaContentPage_4740967\u0026athcgid=null\u0026athznid=ItemCarousel_3da2d504-f1fb-4469-af21-4b6097aa0ad5_items\u0026athieid=v0\u0026athstid=CS020\u0026athguid=s-SwGJlwQKwJx4-cn3aD3PFfAgOp1Vtd9RFT\u0026athancid=null\u0026athena=true"},{"canAddToCart":false,"showOptions":true,"badge":null,"badgeGroups":[],"badges":{"flags":null,"labels":[],"tags":[{"key":"PICKUP","text":"Pickup","id":"L1001","rank":null},{"key":"DELIVERY","text":"Delivery","id":"L1002","rank":null}],"groups":[]},"earlyAccessEvent":false,"eventAttributes":{"specialBuy":false,"priceFlip":false},"flag":"","classType":"BVSHELL","fulfillmentBadges":["Pickup","Delivery"],"fulfillmentSpeed":null,"fulfillmentType":"STORE","id":"134053839","image":"https://i5.walmartimages.com/asr/8e19e118-cd0b-4bf8-85f5-0ac195a8b2fb_1.19e066ae610c2d6586829155e622f4d0.jpeg","isEarlyAccessItem":false,"isOutOfStock":false,"maxVisibleSwatchCount":4,"name":"Prima Della Muenster Cheese, Deli Sliced","groupMetaData":null,"itemType":null,"pac":null,"offerId":"42CF169B032E4352AE7F18C560E3DF67","sellerId":"F55CDC31AB754BB68FE0B39041159D63","showSubscribe":false,"sellerName":null,"salesUnitType":"WEIGHT","weightIncrement":0.25,"hasSellerBadge":null,"preOrder":{"streetDate":null,"streetDateDisplayable":null,"streetDateType":null,"isPreOrder":false,"preOrderMessage":null,"preOrderStreetDateMessage":null},"price":7.62,"priceInfo":{"linePrice":"$7.62","priceDisplayCondition":"/ lb","priceRangeString":"","subscriptionString":"","linePriceDisplay":"$7.62","eaPricingPreText":""},"usItemId":"134053839","variantList":[],"isVariantTypeSwatch":false,"type":"BVSHELL","rating":{"averageRating":3,"numberOfReviews":90},"sponsoredProduct":null,"isSponsoredFlag":false,"brand":"Prima Della","canonicalUrl":"/ip/Prima-Della-Muenster-Cheese-Deli-Sliced/134053839?athcpid=134053839\u0026athpgid=AthenaContentPage_4740967\u0026athcgid=null\u0026athznid=ItemCarousel_3da2d504-f1fb-4469-af21-4b6097aa0ad5_items\u0026athieid=v0\u0026athstid=CS020\u0026athguid=s-SwGJlwQKwJx4-cn3aD3PFfAgOp1Vtd9RFT\u0026athancid=null\u0026athena=true"},{"canAddToCart":true,"showOptions":false,"badge":null,"badgeGroups":[],"badges":{"flags":null,"labels":[],"tags":[{"key":"PICKUP","text":"Pickup","id":"L1001","rank":null},{"key":"DELIVERY","text":"Delivery","id":"L1002","rank":null}],"groups":[]},"earlyAccessEvent":false,"eventAttributes":{"specialBuy":false,"priceFlip":false},"flag":"","classType":"REGULAR","fulfillmentBadges":["Pickup","Delivery"],"fulfillmentSpeed":null,"fulfillmentType":"STORE","id":"10403582","image":"https://i5.walmartimages.com/asr/a7888cb0-fc8e-4aea-b4fd-5ec3fdec52b1.145dc28c74cb5512fcb951d13a8a0a7f.jpeg","isEarlyAccessItem":false,"isOutOfStock":false,"maxVisibleSwatchCount":4,"name":"Prima Della Baby Swiss Cheese 5 Lb Wheel, Deli Sliced","groupMetaData":null,"itemType":null,"pac":null,"offerId":"82209FD6A7434A86B52412B8EA099E5C","sellerId":"F55CDC31AB754BB68FE0B39041159D63","showSubscribe":false,"sellerName":null,"salesUnitType":"WEIGHT","weightIncrement":0.25,"hasSellerBadge":null,"preOrder":{"streetDate":null,"streetDateDisplayable":null,"streetDateType":null,"isPreOrder":false,"preOrderMessage":null,"preOrderStreetDateMessage":null},"price":7.62,"priceInfo":{"linePrice":"$7.62","priceDisplayCondition":"/ lb","priceRangeString":"","subscriptionString":"","linePriceDisplay":"$7.62","eaPricingPreText":""},"usItemId":"10403582","variantList":[],"isVariantTypeSwatch":false,"type":"REGULAR","rating":{"averageRating":2.9,"numberOfReviews":70},"sponsoredProduct":null,"isSponsoredFlag":false,"brand":"Prima Della","canonicalUrl":"/ip/Prima-Della-Baby-Swiss-Cheese-5-Lb-Wheel-Deli-Sliced/10403582?athcpid=10403582\u0026athpgid=AthenaContentPage_4740967\u0026athcgid=null\u0026athznid=ItemCarousel_3da2d504-f1fb-4469-af21-4b6097aa0ad5_items\u0026athieid=v0\u0026athstid=CS020\u0026athguid=s-SwGJlwQKwJx4-cn3aD3PFfAgOp1Vtd9RFT\u0026athancid=null\u0026athena=true"},{"canAddToCart":false,"showOptions":true,"badge":{"id":"L1600","text":"Best seller","key":"BESTSELLER","type":"LABEL","rank":1,"styleId":null},"badgeGroups":[],"badges":{"flags":[{"key":"BESTSELLER","text":"Best seller","type":"LABEL","id":"L1600","rank":1,"styleId":null}],"labels":[],"tags":[{"key":"PICKUP","text":"Pickup","id":"L1001","rank":null},{"key":"DELIVERY","text":"Delivery","id":"L1002","rank":null}],"groups":[]},"earlyAccessEvent":false,"eventAttributes":{"specialBuy":false,"priceFlip":false},"flag":"Best seller","classType":"BVSHELL","fulfillmentBadges":["Pickup","Delivery"],"fulfillmentSpeed":null,"fulfillmentType":"STORE","id":"16940591","image":"https://i5.walmartimages.com/asr/5d3d6344-3b6b-483b-829c-e5a10132d122.e254193d7a9efb10e24619397beefe2d.jpeg","isEarlyAccessItem":false,"isOutOfStock":false,"maxVisibleSwatchCount":4,"name":"Sara Lee Premium Meats Gluten Free Honey Roasted Turkey Breast, Deli Sliced","groupMetaData":null,"itemType":null,"pac":null,"offerId":"D7C7A5D03640467C9B3F262A22921553","sellerId":"F55CDC31AB754BB68FE0B39041159D63","showSubscribe":false,"sellerName":null,"salesUnitType":"WEIGHT","weightIncrement":0.25,"hasSellerBadge":null,"preOrder":{"streetDate":null,"streetDateDisplayable":null,"streetDateType":null,"isPreOrder":false,"preOrderMessage":null,"preOrderStreetDateMessage":null},"price":9.94,"priceInfo":{"linePrice":"$9.94","priceDisplayCondition":"/ lb","priceRangeString":"","subscriptionString":"","linePriceDisplay":"$9.94","eaPricingPreText":""},"usItemId":"16940591","variantList":[],"isVariantTypeSwatch":false,"type":"BVSHELL","rating":{"averageRating":0,"numberOfReviews":0},"sponsoredProduct":null,"isSponsoredFlag":false,"brand":"Sara Lee","canonicalUrl":"/ip/Sara-Lee-Premium-Meats-Gluten-Free-Honey-Roasted-Turkey-Breast-Deli-Sliced/16940591?athcpid=16940591\u0026athpgid=AthenaContentPage_4740967\u0026athcgid=null\u0026athznid=ItemCarousel_3da2d504-f1fb-4469-af21-4b6097aa0ad5_items\u0026athieid=v0\u0026athstid=CS020\u0026athguid=s-SwGJlwQKwJx4-cn3aD3PFfAgOp1Vtd9RFT\u0026athancid=null\u0026athena=true\u0026athbdg=L1600"},{"canAddToCart":true,"showOptions":false,"badge":null,"badgeGroups":[],"badges":{"flags":null,"labels":[],"tags":[{"key":"PICKUP","text":"Pickup","id":"L1001","rank":null},{"key":"DELIVERY","text":"Delivery","id":"L1002","rank":null}],"groups":[]},"earlyAccessEvent":false,"eventAttributes":{"specialBuy":false,"priceFlip":false},"flag":"","classType":"REGULAR","fulfillmentBadges":["Pickup","Delivery"],"fulfillmentSpeed":null,"fulfillmentType":"STORE","id":"47934607","image":"https://i5.walmartimages.com/asr/5ec3cf93-bcfb-4063-bad6-ebf6197f9c94.1fc13ee6beabf6f42469e2eee5a5bd43.jpeg","isEarlyAccessItem":false,"isOutOfStock":false,"maxVisibleSwatchCount":4,"name":"Prima Della Genoa Salami, Deli Sliced","groupMetaData":null,"itemType":null,"pac":null,"offerId":"14F504E45CD84B7495F4F2AD4FB00EBE","sellerId":"F55CDC31AB754BB68FE0B39041159D63","showSubscribe":false,"sellerName":null,"salesUnitType":"WEIGHT","weightIncrement":0.25,"hasSellerBadge":null,"preOrder":{"streetDate":null,"streetDateDisplayable":null,"streetDateType":null,"isPreOrder":false,"preOrderMessage":null,"preOrderStreetDateMessage":null},"price":8.77,"priceInfo":{"linePrice":"$8.77","priceDisplayCondition":"/ lb","priceRangeString":"","subscriptionString":"","linePriceDisplay":"$8.77","eaPricingPreText":""},"usItemId":"47934607","variantList":[],"isVariantTypeSwatch":false,"type":"REGULAR","rating":{"averageRating":0,"numberOfReviews":0},"sponsoredProduct":null,"isSponsoredFlag":false,"brand":"Prima Della","canonicalUrl":"/ip/Prima-Della-Genoa-Salami-Deli-Sliced/47934607?athcpid=47934607\u0026athpgid=AthenaContentPage_4740967\u0026athcgid=null\u0026athznid=ItemCarousel_3da2d504-f1fb-4469-af21-4b6097aa0ad5_items\u0026athieid=v0\u0026athstid=CS020\u0026athguid=s-SwGJlwQKwJx4-cn3aD3PFfAgOp1Vtd9RFT\u0026athancid=null\u0026athena=true"},{"canAddToCart":true,"showOptions":false,"badge":null,"badgeGroups":[],"badges":{"flags":null,"labels":[],"tags":[{"key":"PICKUP","text":"Pickup","id":"L1001","rank":null},{"key":"DELIVERY","text":"Delivery","id":"L1002","rank":null}],"groups":[]},"earlyAccessEvent":false,"eventAttributes":{"specialBuy":false,"priceFlip":false},"flag":"","classType":"REGULAR","fulfillmentBadges":["Pickup","Delivery"],"fulfillmentSpeed":null,"fulfillmentType":"STORE","id":"179341906","image":"https://i5.walmartimages.com/asr/cdda3d6c-c993-4fc1-99bf-a4c3072acdd5.0edbdde66e19a6d04700f516d4a4593c.jpeg","isEarlyAccessItem":false,"isOutOfStock":false,"maxVisibleSwatchCount":4,"name":"Prima Della Pepper Jack Cheese, Deli Sliced","groupMetaData":null,"itemType":null,"pac":null,"offerId":"4911E49210B841CCAE5BBA0DE68BC0C0","sellerId":"F55CDC31AB754BB68FE0B39041159D63","showSubscribe":false,"sellerName":null,"salesUnitType":"WEIGHT","weightIncrement":0.25,"hasSellerBadge":null,"preOrder":{"streetDate":null,"streetDateDisplayable":null,"streetDateType":null,"isPreOrder":false,"preOrderMessage":null,"preOrderStreetDateMessage":null},"price":7.62,"priceInfo":{"linePrice":"$7.62","priceDisplayCondition":"/ lb","priceRangeString":"","subscriptionString":"","linePriceDisplay":"$7.62","eaPricingPreText":""},"usItemId":"179341906","variantList":[],"isVariantTypeSwatch":false,"type":"REGULAR","rating":{"averageRating":2.9,"numberOfReviews":64},"sponsoredProduct":null,"isSponsoredFlag":false,"brand":"Prima Della","canonicalUrl":"/ip/Prima-Della-Pepper-Jack-Cheese-Deli-Sliced/179341906?athcpid=179341906\u0026athpgid=AthenaContentPage_4740967\u0026athcgid=null\u0026athznid=ItemCarousel_3da2d504-f1fb-4469-af21-4b6097aa0ad5_items\u0026athieid=v0\u0026athstid=CS020\u0026athguid=s-SwGJlwQKwJx4-cn3aD3PFfAgOp1Vtd9RFT\u0026athancid=null\u0026athena=true"},{"canAddToCart":true,"showOptions":false,"badge":null,"badgeGroups":[],"badges":{"flags":null,"labels":[],"tags":[{"key":"PICKUP","text":"Pickup","id":"L1001","rank":null},{"key":"DELIVERY","text":"Delivery","id":"L1002","rank":null}],"groups":[]},"earlyAccessEvent":false,"eventAttributes":{"specialBuy":false,"priceFlip":false},"flag":"","classType":"REGULAR","fulfillmentBadges":["Pickup","Delivery"],"fulfillmentSpeed":null,"fulfillmentType":"STORE","id":"108093440","image":"https://i5.walmartimages.com/asr/fc2945c7-03c8-43c8-9e55-c9c7d487f2e4.3c41c2c82401c426de0a8362e05261e5.jpeg","isEarlyAccessItem":false,"isOutOfStock":false,"maxVisibleSwatchCount":4,"name":"Prima Della Hickory Smoked Turkey Breast, Deli Sliced","groupMetaData":null,"itemType":null,"pac":null,"offerId":"B12DBC938A2F47ECBF82FDFC4DB79269","sellerId":"F55CDC31AB754BB68FE0B39041159D63","showSubscribe":false,"sellerName":null,"salesUnitType":"WEIGHT","weightIncrement":0.25,"hasSellerBadge":null,"preOrder":{"streetDate":null,"streetDateDisplayable":null,"streetDateType":null,"isPreOrder":false,"preOrderMessage":null,"preOrderStreetDateMessage":null},"price":10.72,"priceInfo":{"linePrice":"$10.72","priceDisplayCondition":"/ lb","priceRangeString":"","subscriptionString":"","linePriceDisplay":"$10.72","eaPricingPreText":""},"usItemId":"108093440","variantList":[],"isVariantTypeSwatch":false,"type":"REGULAR","rating":{"averageRating":0,"numberOfReviews":0},"sponsoredProduct":null,"isSponsoredFlag":false,"brand":"Prima Della","canonicalUrl":"/ip/Prima-Della-Hickory-Smoked-Turkey-Breast-Deli-Sliced/108093440?athcpid=108093440\u0026athpgid=AthenaContentPage_4740967\u0026athcgid=null\u0026athznid=ItemCarousel_3da2d504-f1fb-4469-af21-4b6097aa0ad5_items\u0026athieid=v0\u0026athstid=CS020\u0026athguid=s-SwGJlwQKwJx4-cn3aD3PFfAgOp1Vtd9RFT\u0026athancid=null\u0026athena=true"},{"canAddToCart":true,"showOptions":false,"badge":null,"badgeGroups":[],"badges":{"flags":null,"labels":[],"tags":[{"key":"PICKUP","text":"Pickup","id":"L1001","rank":null},{"key":"DELIVERY","text":"Delivery","id":"L1002","rank":null}],"groups":[]},"earlyAccessEvent":false,"eventAttributes":{"specialBuy":false,"priceFlip":false},"flag":"","classType":"REGULAR","fulfillmentBadges":["Pickup","Delivery"],"fulfillmentSpeed":null,"fulfillmentType":"STORE","id":"121391168","image":"https://i5.walmartimages.com/asr/bd1841b9-795f-4fc2-961b-884f5151a549.a7f417964365ca604ffc82b195ad5887.jpeg","isEarlyAccessItem":false,"isOutOfStock":false,"maxVisibleSwatchCount":4,"name":"Prima Della Cajun Turkey Breast, Deli Sliced","groupMetaData":null,"itemType":null,"pac":null,"offerId":"15344401F9E1424381B3EAB960C5E52B","sellerId":"F55CDC31AB754BB68FE0B39041159D63","showSubscribe":false,"sellerName":null,"salesUnitType":"WEIGHT","weightIncrement":0.25,"hasSellerBadge":null,"preOrder":{"streetDate":null,"streetDateDisplayable":null,"streetDateType":null,"isPreOrder":false,"preOrderMessage":null,"preOrderStreetDateMessage":null},"price":10.72,"priceInfo":{"linePrice":"$10.72","priceDisplayCondition":"/ lb","priceRangeString":"","subscriptionString":"","linePriceDisplay":"$10.72","eaPricingPreText":""},"usItemId":"121391168","variantList":[],"isVariantTypeSwatch":false,"type":"REGULAR","rating":{"averageRating":0,"numberOfReviews":0},"sponsoredProduct":null,"isSponsoredFlag":false,"brand":"Prima Della","canonicalUrl":"/ip/Prima-Della-Cajun-Turkey-Breast-Deli-Sliced/121391168?athcpid=121391168\u0026athpgid=AthenaContentPage_4740967\u0026athcgid=null\u0026athznid=ItemCarousel_3da2d504-f1fb-4469-af21-4b6097aa0ad5_items\u0026athieid=v0\u0026athstid=CS020\u0026athguid=s-SwGJlwQKwJx4-cn3aD3PFfAgOp1Vtd9RFT\u0026athancid=null\u0026athena=true"},{"canAddToCart":true,"showOptions":false,"badge":null,"badgeGroups":[],"badges":{"flags":null,"labels":[],"tags":[{"key":"PICKUP","text":"Pickup","id":"L1001","rank":null},{"key":"DELIVERY","text":"Delivery","id":"L1002","rank":null}],"groups":[]},"earlyAccessEvent":false,"eventAttributes":{"specialBuy":false,"priceFlip":false},"flag":"","classType":"REGULAR","fulfillmentBadges":["Pickup","Delivery"],"fulfillmentSpeed":null,"fulfillmentType":"STORE","id":"170175337","image":"https://i5.walmartimages.com/asr/2e2395de-85c8-4f5b-a6ce-34af30cab586.9fe56d15796d30fdd0981c3b48cd82d3.jpeg","isEarlyAccessItem":false,"isOutOfStock":false,"maxVisibleSwatchCount":4,"name":"Jennie-O Turkey Premium Seasoned Cracked Pepper Turkey Breast, Deli Sliced Plastic Pack","groupMetaData":null,"itemType":null,"pac":null,"offerId":"0C9E4A9DA2444E07A0141C9E8CB2CA0E","sellerId":"F55CDC31AB754BB68FE0B39041159D63","showSubscribe":false,"sellerName":null,"salesUnitType":"WEIGHT","weightIncrement":0.25,"hasSellerBadge":null,"preOrder":{"streetDate":null,"streetDateDisplayable":null,"streetDateType":null,"isPreOrder":false,"preOrderMessage":null,"preOrderStreetDateMessage":null},"price":9.53,"priceInfo":{"linePrice":"$9.53","priceDisplayCondition":"/ lb","priceRangeString":"","subscriptionString":"","linePriceDisplay":"$9.53","eaPricingPreText":""},"usItemId":"170175337","variantList":[],"isVariantTypeSwatch":false,"type":"REGULAR","rating":{"averageRating":0,"numberOfReviews":0},"sponsoredProduct":null,"isSponsoredFlag":false,"brand":"Jennie-O Turkey Store","canonicalUrl":"/ip/Jennie-O-Turkey-Premium-Seasoned-Cracked-Pepper-Turkey-Breast-Deli-Sliced-Plastic-Pack/170175337?athcpid=170175337\u0026athpgid=AthenaContentPage_4740967\u0026athcgid=null\u0026athznid=ItemCarousel_3da2d504-f1fb-4469-af21-4b6097aa0ad5_items\u0026athieid=v0\u0026athstid=CS020\u0026athguid=s-SwGJlwQKwJx4-cn3aD3PFfAgOp1Vtd9RFT\u0026athancid=null\u0026athena=true"},{"canAddToCart":true,"showOptions":false,"badge":{"id":"L1600","text":"Best seller","key":"BESTSELLER","type":"LABEL","rank":1,"styleId":null},"badgeGroups":[],"badges":{"flags":[{"key":"BESTSELLER","text":"Best seller","type":"LABEL","id":"L1600","rank":1,"styleId":null}],"labels":[],"tags":[{"key":"PICKUP","text":"Pickup","id":"L1001","rank":null},{"key":"DELIVERY","text":"Delivery","id":"L1002","rank":null}],"groups":[]},"earlyAccessEvent":false,"eventAttributes":{"specialBuy":false,"priceFlip":false},"flag":"Best seller","classType":"REGULAR","fulfillmentBadges":["Pickup","Delivery"],"fulfillmentSpeed":null,"fulfillmentType":"STORE","id":"122585297","image":"https://i5.walmartimages.com/asr/2d56806e-ccd4-47cc-a466-d985f27b1c7a.05eb5e01ea20613d1bb6f6206856827c.jpeg","isEarlyAccessItem":false,"isOutOfStock":false,"maxVisibleSwatchCount":4,"name":"Prima Della Fully Cooked off-the-Bone Ham, Deli Sliced","groupMetaData":null,"itemType":null,"pac":null,"offerId":"D12943EE33D443DF99A46A8F7438C476","sellerId":"F55CDC31AB754BB68FE0B39041159D63","showSubscribe":false,"sellerName":null,"salesUnitType":"WEIGHT","weightIncrement":0.25,"hasSellerBadge":null,"preOrder":{"streetDate":null,"streetDateDisplayable":null,"streetDateType":null,"isPreOrder":false,"preOrderMessage":null,"preOrderStreetDateMessage":null},"price":9.77,"priceInfo":{"linePrice":"$9.77","priceDisplayCondition":"/ lb","priceRangeString":"","subscriptionString":"","linePriceDisplay":"$9.77","eaPricingPreText":""},"usItemId":"122585297","variantList":[],"isVariantTypeSwatch":false,"type":"REGULAR","rating":{"averageRating":0,"numberOfReviews":0},"sponsoredProduct":null,"isSponsoredFlag":false,"brand":"Prima Della","canonicalUrl":"/ip/Prima-Della-Fully-Cooked-off-the-Bone-Ham-Deli-Sliced/122585297?athcpid=122585297\u0026athpgid=AthenaContentPage_4740967\u0026athcgid=null\u0026athznid=ItemCarousel_3da2d504-f1fb-4469-af21-4b6097aa0ad5_items\u0026athieid=v0\u0026athstid=CS020\u0026athguid=s-SwGJlwQKwJx4-cn3aD3PFfAgOp1Vtd9RFT\u0026athancid=null\u0026athena=true\u0026athbdg=L1600"}]}},"publishedDate":1691391347845,"moduleId":"3da2d504-f1fb-4469-af21-4b6097aa0ad5","module_id":"3da2d504-f1fb-4469-af21-4b6097aa0ad5","matchedTrigger":{"pageType":"ContentPage","pageId":"4740967","zone":"contentZone13","inheritable":false}},{"name":"More charcuterie musts","type":"HubSpokesNxM","version":3,"status":"published","schedule":{"start":null,"end":null,"priority":1,"expEnabled":false},"triggers":[{"pageType":"ContentPage","pageId":"4740967","zone":"topZone5","inheritable":false}],"configs":{"__typename":"TempoWM_GLASSWWWHubSpokesNxMConfigs","headingText":"More charcuterie musts","suppressCTA":"False","colNumber":"Six","rows4":null,"rows6":[{"__typename":"TempoWM_GLASSWWWHubSpokesNxMConfigsRows6","categories":[{"name":"Specialty meats","image":{"alt":"Specialty meats","assetId":"49036716-6007-4963-9ff9-f92290e2da00","assetName":"3732579-047-FY23-FOOD-NOV-Deli-SITE-1101-HUB-SPOKES-580x580-B.jpg","src":"https://i5.walmartimages.com/dfw/4ff9c6c9-af33/k2-_eeb952fc-859d-4b1e-a684-8866dff5a9f6.v1.jpg","clickThrough":{"value":"https://www.walmart.com/browse/food/charcuterie-meats/976759_976789_4740967_2354781?povid=976759_hubspoke_4740967_Morecharcuteriemusts_Specialtymeats_Rweb_Nov_2"}}},{"name":"Gourmet cheeses","image":{"alt":"Gourmet cheeses","assetId":"41d8a1e1-78cf-41ac-ad5c-64b55a13466b","assetName":"3732579-058-FY23-FOOD-NOV-Deli-SITE-1101-HUB-SPOKES-NxM-580x580-C.jpg","src":"https://i5.walmartimages.com/dfw/4ff9c6c9-5d3f/k2-_aac59113-c779-450a-989e-3026a099ce47.v1.jpg","clickThrough":{"value":"https://www.walmart.com/browse/food/charcuterie-cheese/976759_976789_4740967_4387607?povid=976759_hubspoke_4740967_Morecharcuteriemusts_Gourmetcheeses_Rweb_Nov_2"}}},{"name":"Jams \u0026 Jellies","image":{"alt":"Jams \u0026 Jellies","assetId":"c7d40139-3548-4371-838e-7b64fe135151","assetName":"3732579-061-FY23-FOOD-NOV-Deli-SITE-1101-HUB-SPOKES-NxM-580x580-F.jpg","src":"https://i5.walmartimages.com/dfw/4ff9c6c9-a6eb/k2-_5f371756-b3d3-444e-9dde-a8120e56a356.v1.jpg","clickThrough":{"value":"https://www.walmart.com/browse/food/fig-jam/976759_976794_7295171_4206490_3525900?povid=976759_hubspoke_4740967_Morecharcuteriemusts_JamsandJellies_Rweb_Nov_2"}}},{"name":"Nuts \u0026 dried fruit","image":{"alt":"Nuts \u0026 dried fruit","assetId":"5b6b968b-aba6-40ec-9265-0857e8e0b7c4","assetName":"3732579-056-FY23-FOOD-NOV-Deli-SITE-1101-HUB-SPOKES-NxM-580x580-A.jpg","src":"https://i5.walmartimages.com/dfw/4ff9c6c9-5ee1/k2-_54e06d0a-10a4-4470-b0c9-163faeb2d73e.v1.jpg","clickThrough":{"value":"https://www.walmart.com/browse/food/nuts-trail-mix-seeds/976759_976787_1001406?povid=976759_hubspoke_4740967_Morecharcuteriemusts_Nutsanddriedfruit_Rweb_Nov_2"}}},{"name":"Party Trays","image":{"alt":"Party trays","assetId":"f80956f5-1ba4-457a-9ce9-5cd88675a0d1","assetName":"3732579-057-FY23-FOOD-NOV-Deli-SITE-1101-HUB-SPOKES-NxM-580x580-B.jpg","src":"https://i5.walmartimages.com/dfw/4ff9c6c9-8648/k2-_d901fac7-7433-47a3-a45a-69f3753092b4.v1.jpg","clickThrough":{"value":"https://www.walmart.com/browse/food/party-trays/976759_976789_4740967_6993020_8475666?povid=976759_hubspoke_4740967_Morecharcuteriemusts_PartyTrays_Rweb_Nov_2"}}},{"name":"Hummus","image":{"alt":"Hummus","assetId":"794c8caf-e475-4ef2-8c61-e372e2c05e8a","assetName":"3732579-059-FY23-FOOD-NOV-Deli-SITE-1101-HUB-SPOKES-NxM-580x580-D.jpg","src":"https://i5.walmartimages.com/dfw/4ff9c6c9-1fb3/k2-_7f2fdf58-1eb1-4ece-811c-092ea621a6ee.v1.jpg","clickThrough":{"value":"https://www.walmart.com/browse/food/hummus/976759_976789_7056897_5863482?povid=976759_hubspoke_4740967_Morecharcuteriemusts_Hummus_Rweb_Nov_2"}}}]}]},"publishedDate":1698995409905,"moduleId":"01e430f9-b071-47b5-9680-91a6569ced92","module_id":"01e430f9-b071-47b5-9680-91a6569ced92","matchedTrigger":{"pageType":"ContentPage","pageId":"4740967","zone":"topZone5","inheritable":false}},{"name":"New Item Carousel Fruit grazing board 3/9/2022","type":"ItemCarousel","version":9,"status":"published","schedule":{"start":null,"end":null,"priority":20,"expEnabled":false},"triggers":[{"pageType":"ContentPage","pageId":"4740967","zone":"contentZone11","inheritable":false}],"configs":{"__typename":"TempoWM_GLASSWWWItemCarouselConfigsV1","type":null,"title":"Fruit grazing board","subTitle":null,"viewAllLink":{"linkText":"Shop all","title":"Shop all","clickThrough":{"type":"url","value":"https://www.walmart.com/browse/food/fresh-fruits/976759_976793_9756351?povid=976759_itemcarousel_4740967_Fruitgrazingboard_Shopall_Rweb_Jun_14"}},"spBeaconInfo":null,"tileOptions":null,"productsConfig":{"products":[{"canAddToCart":true,"showOptions":false,"badge":{"id":"L1300","text":"Rollback","key":"ROLLBACK","type":"LABEL","rank":1,"styleId":null},"badgeGroups":[],"badges":{"flags":[{"key":"ROLLBACK","text":"Rollback","type":"LABEL","id":"L1300","rank":1,"styleId":null}],"labels":[],"tags":[{"key":"PICKUP","text":"Pickup","id":"L1001","rank":null},{"key":"DELIVERY","text":"Delivery","id":"L1002","rank":null}],"groups":[]},"earlyAccessEvent":false,"eventAttributes":{"specialBuy":false,"priceFlip":false},"flag":"Rollback","classType":"REGULAR","fulfillmentBadges":["Pickup","Delivery"],"fulfillmentSpeed":null,"fulfillmentType":"STORE","id":"51259197","image":"https://i5.walmartimages.com/asr/bf2ec88a-2f36-41f2-93d3-c3161772733d_1.cdc913433c6acc6bf9201dc1fa86bac9.jpeg","isEarlyAccessItem":false,"isOutOfStock":false,"maxVisibleSwatchCount":4,"name":"Fresh Granny Smith Apple, Each","groupMetaData":null,"itemType":null,"pac":null,"offerId":"208A545377C641589AF15AD1F59695E7","sellerId":"F55CDC31AB754BB68FE0B39041159D63","showSubscribe":false,"sellerName":null,"salesUnitType":"EACH_WEIGHT","weightIncrement":1,"hasSellerBadge":null,"preOrder":{"streetDate":null,"streetDateDisplayable":null,"streetDateType":null,"isPreOrder":false,"preOrderMessage":null,"preOrderStreetDateMessage":null},"price":0.88,"priceInfo":{"linePrice":"$0.88","priceDisplayCondition":"each","unitPrice":"$1.47/lb","wasPrice":"$1.37","priceRangeString":"","subscriptionString":"","savings":"SAVE $0.49","linePriceDisplay":"Now $0.88","eaPricingPreText":""},"usItemId":"51259197","variantList":[],"isVariantTypeSwatch":false,"type":"REGULAR","rating":{"averageRating":2,"numberOfReviews":293},"sponsoredProduct":null,"isSponsoredFlag":false,"brand":"Fresh Produce","canonicalUrl":"/ip/Fresh-Granny-Smith-Apple-Each/51259197?athcpid=51259197\u0026athpgid=AthenaContentPage_4740967\u0026athcgid=null\u0026athznid=ItemCarousel_5aa23f3c-cdff-469b-be3b-36b4cb7e1e43_items\u0026athieid=v0\u0026athstid=CS020\u0026athguid=s-SwGJlwQKwJx4-cn3aD3PFfAgOp1Vtd9RFT\u0026athancid=null\u0026athena=true\u0026athbdg=L1300"},{"canAddToCart":true,"showOptions":false,"badge":null,"badgeGroups":[],"badges":{"flags":null,"labels":[],"tags":[{"key":"PICKUP","text":"Pickup","id":"L1001","rank":null},{"key":"DELIVERY","text":"Delivery","id":"L1002","rank":null}],"groups":[]},"earlyAccessEvent":false,"eventAttributes":{"specialBuy":false,"priceFlip":false},"flag":"","classType":"REGULAR","fulfillmentBadges":["Pickup","Delivery"],"fulfillmentSpeed":null,"fulfillmentType":"STORE","id":"44390957","image":"https://i5.walmartimages.com/asr/eda41ad1-ca39-45df-ac28-9f2df375156d_1.9d270b612b7896e3a54f48fe48a72b59.jpeg","isEarlyAccessItem":false,"isOutOfStock":false,"maxVisibleSwatchCount":4,"name":"Fresh Raspberries, 12 oz Container","groupMetaData":null,"itemType":null,"pac":null,"offerId":"11AE056721A34EC4ADEF8D04075EF799","sellerId":"F55CDC31AB754BB68FE0B39041159D63","showSubscribe":false,"sellerName":null,"salesUnitType":"EACH","weightIncrement":1,"hasSellerBadge":null,"preOrder":{"streetDate":null,"streetDateDisplayable":null,"streetDateType":null,"isPreOrder":false,"preOrderMessage":null,"preOrderStreetDateMessage":null},"price":5.64,"priceInfo":{"linePrice":"$5.64","priceDisplayCondition":null,"unitPrice":"47.0 ¢/oz","priceRangeString":"","subscriptionString":"","linePriceDisplay":"$5.64","eaPricingPreText":""},"usItemId":"44390957","variantList":[],"isVariantTypeSwatch":false,"type":"REGULAR","rating":{"averageRating":1.5,"numberOfReviews":1226},"sponsoredProduct":null,"isSponsoredFlag":false,"brand":"Fresh Produce","canonicalUrl":"/ip/Fresh-Raspberries-12-oz-Container/44390957?athcpid=44390957\u0026athpgid=AthenaContentPage_4740967\u0026athcgid=null\u0026athznid=ItemCarousel_5aa23f3c-cdff-469b-be3b-36b4cb7e1e43_items\u0026athieid=v0\u0026athstid=CS020\u0026athguid=s-SwGJlwQKwJx4-cn3aD3PFfAgOp1Vtd9RFT\u0026athancid=null\u0026athena=true"},{"canAddToCart":true,"showOptions":false,"badge":null,"badgeGroups":[],"badges":{"flags":null,"labels":[],"tags":[{"key":"PICKUP","text":"Pickup","id":"L1001","rank":null},{"key":"DELIVERY","text":"Delivery","id":"L1002","rank":null}],"groups":[]},"earlyAccessEvent":false,"eventAttributes":{"specialBuy":false,"priceFlip":false},"flag":"","classType":"REGULAR","fulfillmentBadges":["Pickup","Delivery"],"fulfillmentSpeed":null,"fulfillmentType":"STORE","id":"215642748","image":"https://i5.walmartimages.com/asr/6689d57d-1612-439e-8bf0-84670e942819.21f4f05ece3924be6986e91179ce571b.jpeg","isEarlyAccessItem":false,"isOutOfStock":false,"maxVisibleSwatchCount":4,"name":"Fresh Bartlett Pears, Each","groupMetaData":null,"itemType":null,"pac":null,"offerId":"C060EE60B95C46FC9F50DA1248261DEA","sellerId":"F55CDC31AB754BB68FE0B39041159D63","showSubscribe":false,"sellerName":null,"salesUnitType":"EACH_WEIGHT","weightIncrement":1,"hasSellerBadge":null,"preOrder":{"streetDate":null,"streetDateDisplayable":null,"streetDateType":null,"isPreOrder":false,"preOrderMessage":null,"preOrderStreetDateMessage":null},"price":1.18,"priceInfo":{"linePrice":"$1.18","priceDisplayCondition":"each","unitPrice":"$1.68/lb","priceRangeString":"","subscriptionString":"","linePriceDisplay":"$1.18","eaPricingPreText":""},"usItemId":"215642748","variantList":[],"isVariantTypeSwatch":false,"type":"REGULAR","rating":{"averageRating":1.6,"numberOfReviews":435},"sponsoredProduct":null,"isSponsoredFlag":false,"brand":"Fresh Produce","canonicalUrl":"/ip/Fresh-Bartlett-Pears-Each/215642748?athcpid=215642748\u0026athpgid=AthenaContentPage_4740967\u0026athcgid=null\u0026athznid=ItemCarousel_5aa23f3c-cdff-469b-be3b-36b4cb7e1e43_items\u0026athieid=v0\u0026athstid=CS020\u0026athguid=s-SwGJlwQKwJx4-cn3aD3PFfAgOp1Vtd9RFT\u0026athancid=null\u0026athena=true"},{"canAddToCart":true,"showOptions":false,"badge":null,"badgeGroups":[],"badges":{"flags":null,"labels":[],"tags":[{"key":"PICKUP","text":"Pickup","id":"L1001","rank":null},{"key":"DELIVERY","text":"Delivery","id":"L1002","rank":null}],"groups":[]},"earlyAccessEvent":false,"eventAttributes":{"specialBuy":false,"priceFlip":false},"flag":"","classType":"REGULAR","fulfillmentBadges":["Pickup","Delivery"],"fulfillmentSpeed":null,"fulfillmentType":"STORE","id":"46491702","image":"https://i5.walmartimages.com/asr/5480c119-02f7-46fa-b4fd-8fbf23371acf.f2a52e284233521d879585c73e8a85e3.jpeg","isEarlyAccessItem":false,"isOutOfStock":false,"maxVisibleSwatchCount":4,"name":"Fresh Organic Gala Apples, 3 lb Bag","groupMetaData":null,"itemType":null,"pac":null,"offerId":"490FA3A8757147019802A3A92BF11779","sellerId":"F55CDC31AB754BB68FE0B39041159D63","showSubscribe":false,"sellerName":null,"salesUnitType":"EACH","weightIncrement":1,"hasSellerBadge":null,"preOrder":{"streetDate":null,"streetDateDisplayable":null,"streetDateType":null,"isPreOrder":false,"preOrderMessage":null,"preOrderStreetDateMessage":null},"price":3.87,"priceInfo":{"linePrice":"$3.87","priceDisplayCondition":null,"unitPrice":"$1.29/lb","priceRangeString":"","subscriptionString":"","linePriceDisplay":"$3.87","eaPricingPreText":""},"usItemId":"46491702","variantList":[],"isVariantTypeSwatch":false,"type":"REGULAR","rating":{"averageRating":2,"numberOfReviews":245},"sponsoredProduct":null,"isSponsoredFlag":false,"brand":"Marketside","canonicalUrl":"/ip/Fresh-Organic-Gala-Apples-3-lb-Bag/46491702?athcpid=46491702\u0026athpgid=AthenaContentPage_4740967\u0026athcgid=null\u0026athznid=ItemCarousel_5aa23f3c-cdff-469b-be3b-36b4cb7e1e43_items\u0026athieid=v0\u0026athstid=CS020\u0026athguid=s-SwGJlwQKwJx4-cn3aD3PFfAgOp1Vtd9RFT\u0026athancid=null\u0026athena=true"},{"canAddToCart":true,"showOptions":false,"badge":{"id":"L1600","text":"Best seller","key":"BESTSELLER","type":"LABEL","rank":1,"styleId":null},"badgeGroups":[],"badges":{"flags":[{"key":"BESTSELLER","text":"Best seller","type":"LABEL","id":"L1600","rank":1,"styleId":null}],"labels":[],"tags":[{"key":"PICKUP","text":"Pickup","id":"L1001","rank":null},{"key":"DELIVERY","text":"Delivery","id":"L1002","rank":null}],"groups":[]},"earlyAccessEvent":false,"eventAttributes":{"specialBuy":false,"priceFlip":false},"flag":"Best seller","classType":"REGULAR","fulfillmentBadges":["Pickup","Delivery"],"fulfillmentSpeed":null,"fulfillmentType":"STORE","id":"44390943","image":"https://i5.walmartimages.com/asr/9b543e57-d12c-4b2f-af70-cbfc8166dce1.19eafb20170233f7df74f7a6c5ff5530.jpeg","isEarlyAccessItem":false,"isOutOfStock":false,"maxVisibleSwatchCount":4,"name":"Fresh Green Seedless Grapes, Bag (2.25 lbs/bag est.)","groupMetaData":null,"itemType":null,"pac":null,"offerId":"656C30E51C134B088DF635969A462447","sellerId":"F55CDC31AB754BB68FE0B39041159D63","showSubscribe":false,"sellerName":null,"salesUnitType":"EACH_WEIGHT","weightIncrement":1,"hasSellerBadge":null,"preOrder":{"streetDate":null,"streetDateDisplayable":null,"streetDateType":null,"isPreOrder":false,"preOrderMessage":null,"preOrderStreetDateMessage":null},"price":5.36,"priceInfo":{"linePrice":"$5.36","priceDisplayCondition":"each","unitPrice":"$2.38/lb","priceRangeString":"","subscriptionString":"","linePriceDisplay":"$5.36","eaPricingPreText":""},"usItemId":"44390943","variantList":[],"isVariantTypeSwatch":false,"type":"REGULAR","rating":{"averageRating":1.6,"numberOfReviews":4114},"sponsoredProduct":null,"isSponsoredFlag":false,"brand":"Fresh Produce","canonicalUrl":"/ip/Fresh-Green-Seedless-Grapes-Bag-2-25-lbs-bag-est/44390943?athcpid=44390943\u0026athpgid=AthenaContentPage_4740967\u0026athcgid=null\u0026athznid=ItemCarousel_5aa23f3c-cdff-469b-be3b-36b4cb7e1e43_items\u0026athieid=v0\u0026athstid=CS020\u0026athguid=s-SwGJlwQKwJx4-cn3aD3PFfAgOp1Vtd9RFT\u0026athancid=null\u0026athena=true\u0026athbdg=L1600"},{"canAddToCart":true,"showOptions":false,"badge":null,"badgeGroups":[],"badges":{"flags":null,"labels":[],"tags":[{"key":"PICKUP","text":"Pickup","id":"L1001","rank":null},{"key":"DELIVERY","text":"Delivery","id":"L1002","rank":null}],"groups":[]},"earlyAccessEvent":false,"eventAttributes":{"specialBuy":false,"priceFlip":false},"flag":"","classType":"REGULAR","fulfillmentBadges":["Pickup","Delivery"],"fulfillmentSpeed":null,"fulfillmentType":"STORE","id":"44391101","image":"https://i5.walmartimages.com/asr/e2ec527d-fe7b-4309-9373-186de34557cf.1c562d1a69a2a8f4cb7b5de8f125fc76.jpeg","isEarlyAccessItem":false,"isOutOfStock":false,"maxVisibleSwatchCount":4,"name":"Fresh Seedless Watermelon, Each","groupMetaData":null,"itemType":null,"pac":null,"offerId":"B7255961703A4B05B11CE2F0829498C9","sellerId":"F55CDC31AB754BB68FE0B39041159D63","showSubscribe":false,"sellerName":null,"salesUnitType":"EACH","weightIncrement":1,"hasSellerBadge":null,"preOrder":{"streetDate":null,"streetDateDisplayable":null,"streetDateType":null,"isPreOrder":false,"preOrderMessage":null,"preOrderStreetDateMessage":null},"price":7.97,"priceInfo":{"linePrice":"$7.97","priceDisplayCondition":null,"priceRangeString":"","subscriptionString":"","linePriceDisplay":"$7.97","eaPricingPreText":""},"usItemId":"44391101","variantList":[],"isVariantTypeSwatch":false,"type":"REGULAR","rating":{"averageRating":1.6,"numberOfReviews":3695},"sponsoredProduct":null,"isSponsoredFlag":false,"brand":"Fresh Produce","canonicalUrl":"/ip/Fresh-Seedless-Watermelon-Each/44391101?athcpid=44391101\u0026athpgid=AthenaContentPage_4740967\u0026athcgid=null\u0026athznid=ItemCarousel_5aa23f3c-cdff-469b-be3b-36b4cb7e1e43_items\u0026athieid=v0\u0026athstid=CS020\u0026athguid=s-SwGJlwQKwJx4-cn3aD3PFfAgOp1Vtd9RFT\u0026athancid=null\u0026athena=true"},{"canAddToCart":true,"showOptions":false,"badge":null,"badgeGroups":[],"badges":{"flags":null,"labels":[],"tags":[{"key":"PICKUP","text":"Pickup","id":"L1001","rank":null},{"key":"DELIVERY","text":"Delivery","id":"L1002","rank":null}],"groups":[]},"earlyAccessEvent":false,"eventAttributes":{"specialBuy":false,"priceFlip":false},"flag":"","classType":"REGULAR","fulfillmentBadges":["Pickup","Delivery"],"fulfillmentSpeed":null,"fulfillmentType":"STORE","id":"622057236","image":"https://i5.walmartimages.com/asr/dc9b9465-0c58-4147-b88d-5c86ea54de31.eb8bb8d17115d97ee43755f9e9e2f76c.jpeg","isEarlyAccessItem":false,"isOutOfStock":false,"maxVisibleSwatchCount":4,"name":"Fresh Blackberries, 12 oz Container","groupMetaData":null,"itemType":null,"pac":null,"offerId":"3727927C7C7146DA944B607793DC6314","sellerId":"F55CDC31AB754BB68FE0B39041159D63","showSubscribe":false,"sellerName":null,"salesUnitType":"EACH","weightIncrement":1,"hasSellerBadge":null,"preOrder":{"streetDate":null,"streetDateDisplayable":null,"streetDateType":null,"isPreOrder":false,"preOrderMessage":null,"preOrderStreetDateMessage":null},"price":4.94,"priceInfo":{"linePrice":"$4.94","priceDisplayCondition":null,"unitPrice":"41.2 ¢/oz","priceRangeString":"","subscriptionString":"","linePriceDisplay":"$4.94","eaPricingPreText":""},"usItemId":"622057236","variantList":[],"isVariantTypeSwatch":false,"type":"REGULAR","rating":{"averageRating":1.6,"numberOfReviews":521},"sponsoredProduct":null,"isSponsoredFlag":false,"brand":"Fresh Produce","canonicalUrl":"/ip/Fresh-Blackberries-12-oz-Container/622057236?athcpid=622057236\u0026athpgid=AthenaContentPage_4740967\u0026athcgid=null\u0026athznid=ItemCarousel_5aa23f3c-cdff-469b-be3b-36b4cb7e1e43_items\u0026athieid=v0\u0026athstid=CS020\u0026athguid=s-SwGJlwQKwJx4-cn3aD3PFfAgOp1Vtd9RFT\u0026athancid=null\u0026athena=true"},{"canAddToCart":true,"showOptions":false,"badge":{"id":"L1600","text":"Best seller","key":"BESTSELLER","type":"LABEL","rank":1,"styleId":null},"badgeGroups":[],"badges":{"flags":[{"key":"BESTSELLER","text":"Best seller","type":"LABEL","id":"L1600","rank":1,"styleId":null}],"labels":[],"tags":[{"key":"PICKUP","text":"Pickup","id":"L1001","rank":null},{"key":"DELIVERY","text":"Delivery","id":"L1002","rank":null}],"groups":[]},"earlyAccessEvent":false,"eventAttributes":{"specialBuy":false,"priceFlip":false},"flag":"Best seller","classType":"REGULAR","fulfillmentBadges":["Pickup","Delivery"],"fulfillmentSpeed":null,"fulfillmentType":"STORE","id":"44390974","image":"https://i5.walmartimages.com/asr/fb4c18a5-9367-4770-b99f-7518c72db482.5609c32e87a3110b734aad048bf9fe35.jpeg","isEarlyAccessItem":false,"isOutOfStock":false,"maxVisibleSwatchCount":4,"name":"Fresh Cantaloupe, Each","groupMetaData":null,"itemType":null,"pac":null,"offerId":"68CCEA8C82E74CBA8C7DF534D7F3EFEF","sellerId":"F55CDC31AB754BB68FE0B39041159D63","showSubscribe":false,"sellerName":null,"salesUnitType":"EACH","weightIncrement":1,"hasSellerBadge":null,"preOrder":{"streetDate":null,"streetDateDisplayable":null,"streetDateType":null,"isPreOrder":false,"preOrderMessage":null,"preOrderStreetDateMessage":null},"price":2.98,"priceInfo":{"linePrice":"$2.98","priceDisplayCondition":null,"priceRangeString":"","subscriptionString":"","linePriceDisplay":"$2.98","eaPricingPreText":""},"usItemId":"44390974","variantList":[],"isVariantTypeSwatch":false,"type":"REGULAR","rating":{"averageRating":1.6,"numberOfReviews":1999},"sponsoredProduct":null,"isSponsoredFlag":false,"brand":"Fresh Produce","canonicalUrl":"/ip/Fresh-Cantaloupe-Each/44390974?athcpid=44390974\u0026athpgid=AthenaContentPage_4740967\u0026athcgid=null\u0026athznid=ItemCarousel_5aa23f3c-cdff-469b-be3b-36b4cb7e1e43_items\u0026athieid=v0\u0026athstid=CS020\u0026athguid=s-SwGJlwQKwJx4-cn3aD3PFfAgOp1Vtd9RFT\u0026athancid=null\u0026athena=true\u0026athbdg=L1600"},{"canAddToCart":true,"showOptions":false,"badge":{"id":"L1600","text":"Best seller","key":"BESTSELLER","type":"LABEL","rank":1,"styleId":null},"badgeGroups":[],"badges":{"flags":[{"key":"BESTSELLER","text":"Best seller","type":"LABEL","id":"L1600","rank":1,"styleId":null}],"labels":[],"tags":[{"key":"PICKUP","text":"Pickup","id":"L1001","rank":null},{"key":"DELIVERY","text":"Delivery","id":"L1002","rank":null}],"groups":[]},"earlyAccessEvent":false,"eventAttributes":{"specialBuy":false,"priceFlip":false},"flag":"Best seller","classType":"REGULAR","fulfillmentBadges":["Pickup","Delivery"],"fulfillmentSpeed":null,"fulfillmentType":"STORE","id":"162577028","image":"https://i5.walmartimages.com/asr/a6054c7f-7e7b-4de8-9f04-1f87bafa4c3e.76cf34255799375020421060def8bb2e.jpeg","isEarlyAccessItem":false,"isOutOfStock":false,"maxVisibleSwatchCount":4,"name":"Fresh Navel Orange, Each","groupMetaData":null,"itemType":null,"pac":null,"offerId":"508D671A070B4235A40FA262453AAB26","sellerId":"F55CDC31AB754BB68FE0B39041159D63","showSubscribe":false,"sellerName":null,"salesUnitType":"EACH","weightIncrement":1,"hasSellerBadge":null,"preOrder":{"streetDate":null,"streetDateDisplayable":null,"streetDateType":null,"isPreOrder":false,"preOrderMessage":null,"preOrderStreetDateMessage":null},"price":0.88,"priceInfo":{"linePrice":"$0.88","priceDisplayCondition":null,"priceRangeString":"","subscriptionString":"","linePriceDisplay":"$0.88","eaPricingPreText":""},"usItemId":"162577028","variantList":[],"isVariantTypeSwatch":false,"type":"REGULAR","rating":{"averageRating":2.1,"numberOfReviews":757},"sponsoredProduct":null,"isSponsoredFlag":false,"brand":"Fresh Produce","canonicalUrl":"/ip/Fresh-Navel-Orange-Each/162577028?athcpid=162577028\u0026athpgid=AthenaContentPage_4740967\u0026athcgid=null\u0026athznid=ItemCarousel_5aa23f3c-cdff-469b-be3b-36b4cb7e1e43_items\u0026athieid=v0\u0026athstid=CS020\u0026athguid=s-SwGJlwQKwJx4-cn3aD3PFfAgOp1Vtd9RFT\u0026athancid=null\u0026athena=true\u0026athbdg=L1600"},{"canAddToCart":true,"showOptions":false,"badge":null,"badgeGroups":[],"badges":{"flags":null,"labels":[],"tags":[{"key":"PICKUP","text":"Pickup","id":"L1001","rank":null},{"key":"DELIVERY","text":"Delivery","id":"L1002","rank":null}],"groups":[]},"earlyAccessEvent":false,"eventAttributes":{"specialBuy":false,"priceFlip":false},"flag":"","classType":"REGULAR","fulfillmentBadges":["Pickup","Delivery"],"fulfillmentSpeed":null,"fulfillmentType":"STORE","id":"381105260","image":"https://i5.walmartimages.com/asr/6f89a0a5-18ae-4379-a557-f6c14d266cc7.33742cb3c32f2d2cf840cada6833ab97.jpeg","isEarlyAccessItem":false,"isOutOfStock":false,"maxVisibleSwatchCount":4,"name":"Fresh Black Seedless Grapes, Bag (2.25 lbs/Bag Est.)","groupMetaData":null,"itemType":null,"pac":null,"offerId":"D16DD50CD4AC445BA54CFC8C108FDCAC","sellerId":"F55CDC31AB754BB68FE0B39041159D63","showSubscribe":false,"sellerName":null,"salesUnitType":"EACH_WEIGHT","weightIncrement":1,"hasSellerBadge":null,"preOrder":{"streetDate":null,"streetDateDisplayable":null,"streetDateType":null,"isPreOrder":false,"preOrderMessage":null,"preOrderStreetDateMessage":null},"price":5.36,"priceInfo":{"linePrice":"$5.36","priceDisplayCondition":"each","unitPrice":"$2.38/lb","priceRangeString":"","subscriptionString":"","linePriceDisplay":"$5.36","eaPricingPreText":""},"usItemId":"381105260","variantList":[],"isVariantTypeSwatch":false,"type":"REGULAR","rating":{"averageRating":2.1,"numberOfReviews":776},"sponsoredProduct":null,"isSponsoredFlag":false,"brand":"Fresh Produce","canonicalUrl":"/ip/Fresh-Black-Seedless-Grapes-Bag-2-25-lbs-Bag-Est/381105260?athcpid=381105260\u0026athpgid=AthenaContentPage_4740967\u0026athcgid=null\u0026athznid=ItemCarousel_5aa23f3c-cdff-469b-be3b-36b4cb7e1e43_items\u0026athieid=v0\u0026athstid=CS020\u0026athguid=s-SwGJlwQKwJx4-cn3aD3PFfAgOp1Vtd9RFT\u0026athancid=null\u0026athena=true"}]}},"publishedDate":1691391348711,"moduleId":"5aa23f3c-cdff-469b-be3b-36b4cb7e1e43","module_id":"5aa23f3c-cdff-469b-be3b-36b4cb7e1e43","matchedTrigger":{"pageType":"ContentPage","pageId":"4740967","zone":"contentZone11","inheritable":false}},{"name":"POVCards 3-Up Module - Charcuterie is as easy as 1, 2, 3","type":"POVCards","version":14,"status":"published","schedule":{"start":null,"end":null,"priority":1,"expEnabled":false},"triggers":[{"pageType":"ContentPage","pageId":"4740967","zone":"contentZone16","inheritable":false}],"configs":{"__typename":"TempoWM_GLASSWWWPOVCardsConfigsV1","headingText":"From our deli","viewAllLink":null,"imageAspectRatio":"regular","cardsV1":[{"headingText":"Dips","descriptionText":"Make your board full of bold flavors.","image":{"alt":"Dips. Make your board full of bold flavors.","assetId":"50574eee-10eb-4ede-8c10-c8a53382b56d","assetName":"1134957-002-FOOD-GLASS-Wk44-Party-Shop-December-CP-POV-838x470-M.jpg","src":"https://i5.walmartimages.com/dfw/4ff9c6c9-4365/k2-_d19022ca-0925-4757-bd3f-6c48898d0416.v1.jpg","width":"838","height":"470"},"link":{"clickThrough":{"value":"/browse/food/hummus-dips-salsa/976759_976789_7056897?povid=976759_3upPOVCards_4740967_Fromourdeli_Dips_Rweb_Jun_14"},"linkText":"Shop now"}},{"headingText":"Sliced meats","descriptionText":"Make your board scrumptious.","image":{"alt":"Sliced meats. Make your board scrumptious.","assetId":"1bb6ad34-4a37-4729-98d0-a78840f3f9f1","assetName":"1101052-007-FOOD-Deli-POV-838x470-A.jpg","src":"https://i5.walmartimages.com/dfw/4ff9c6c9-4356/k2-_38fe8d63-36ba-4ed6-b222-14c82fce343c.v1.jpg","width":"838","height":"470"},"link":{"clickThrough":{"value":"/browse/food/deli-meat-cheese/976759_976789_5428795?povid=976759_3upPOVCards_4740967_Fromourdeli_Slicedmeats_Rweb_Jun_14"},"linkText":"Shop now"}},{"headingText":"Sliced cheeses","descriptionText":"Keep everyone coming back for more.","image":{"alt":"Sliced cheeses. Keep everyone coming back for more.","assetId":"d2de5c84-d639-40d3-9ea4-ae0c87d1114b","assetName":"855121-005-FOOD-GLASS-Del-855121-POV-838x470-B.jpg","src":"https://i5.walmartimages.com/dfw/4ff9c6c9-95b1/k2-_6773c0d7-bef2-4c59-8781-b1e61f9e8ebf.v1.jpg","width":"838","height":"470"},"link":{"clickThrough":{"value":"/browse/food/specialty-cheese-charcuterie/976759_976789_6993020?sort=best_match\u0026cat_id=976759_976789_6993020_4851964\u0026stores=2133\u0026ps=40\u0026povid=976759_3upPOVCards_4740967_Fromourdeli_Slicedcheeses_Rweb_Jun_14"},"linkText":"Shop now"}}]},"publishedDate":1691391349457,"moduleId":"ce98de98-4059-4e2f-bebb-fc09cee659c2","module_id":"ce98de98-4059-4e2f-bebb-fc09cee659c2","matchedTrigger":{"pageType":"ContentPage","pageId":"4740967","zone":"contentZone16","inheritable":false}},{"name":"Private label charcuterie carousel","type":"ItemCarousel","version":2,"status":"published","schedule":{"start":null,"end":null,"priority":1,"expEnabled":false},"triggers":[{"pageType":"ContentPage","pageId":"4740967","zone":"contentZone1","inheritable":false}],"configs":{"__typename":"TempoWM_GLASSWWWItemCarouselConfigsV1","type":null,"title":"Add all to cart","subTitle":null,"viewAllLink":null,"spBeaconInfo":null,"tileOptions":null,"productsConfig":{"products":[{"canAddToCart":true,"showOptions":false,"badge":null,"badgeGroups":[],"badges":{"flags":null,"labels":[],"tags":[{"key":"PICKUP","text":"Pickup","id":"L1001","rank":null},{"key":"DELIVERY","text":"Delivery","id":"L1002","rank":null}],"groups":[]},"earlyAccessEvent":false,"eventAttributes":{"specialBuy":false,"priceFlip":false},"flag":"","classType":"REGULAR","fulfillmentBadges":["Pickup","Delivery"],"fulfillmentSpeed":null,"fulfillmentType":"STORE","id":"649550932","image":"https://i5.walmartimages.com/asr/813e167b-0545-4335-ad6d-4e1723dc8d42.769d7ac597f3d8444ae4b2d467eb2780.jpeg","isEarlyAccessItem":false,"isOutOfStock":false,"maxVisibleSwatchCount":4,"name":"Great Value Salt \u0026 Pepper Shelled Pistachios, 11 oz","groupMetaData":null,"itemType":null,"pac":null,"offerId":"FBE5B3766F1C43059948D7D1C26CA7BE","sellerId":"F55CDC31AB754BB68FE0B39041159D63","showSubscribe":false,"sellerName":null,"salesUnitType":"EACH","weightIncrement":1,"hasSellerBadge":null,"preOrder":{"streetDate":null,"streetDateDisplayable":null,"streetDateType":null,"isPreOrder":false,"preOrderMessage":null,"preOrderStreetDateMessage":null},"price":9.58,"priceInfo":{"linePrice":"$9.58","priceDisplayCondition":null,"unitPrice":"87.1 ¢/oz","priceRangeString":"","subscriptionString":"","linePriceDisplay":"$9.58","eaPricingPreText":""},"usItemId":"649550932","variantList":[],"isVariantTypeSwatch":false,"type":"REGULAR","rating":{"averageRating":3.6,"numberOfReviews":8},"sponsoredProduct":null,"isSponsoredFlag":false,"brand":"Great Value","canonicalUrl":"/ip/Great-Value-Salt-Pepper-Shelled-Pistachios-11-oz/649550932?athcpid=649550932\u0026athpgid=AthenaContentPage_4740967\u0026athcgid=null\u0026athznid=ItemCarousel_e1eb24e3-1d7b-4883-80cd-ded2543ad610_items\u0026athieid=v0\u0026athstid=CS020\u0026athguid=s-SwGJlwQKwJx4-cn3aD3PFfAgOp1Vtd9RFT\u0026athancid=null\u0026athena=true"},{"canAddToCart":true,"showOptions":false,"badge":null,"badgeGroups":[],"badges":{"flags":null,"labels":[],"tags":[{"key":"PICKUP","text":"Pickup","id":"L1001","rank":null},{"key":"DELIVERY","text":"Delivery","id":"L1002","rank":null}],"groups":[]},"earlyAccessEvent":false,"eventAttributes":{"specialBuy":false,"priceFlip":false},"flag":"","classType":"REGULAR","fulfillmentBadges":["Pickup","Delivery"],"fulfillmentSpeed":null,"fulfillmentType":"STORE","id":"13033150","image":"https://i5.walmartimages.com/asr/476f5e66-2b1e-4fc6-9d50-224466ccff10.257edc41f26840d80c445e891317f82f.jpeg","isEarlyAccessItem":false,"isOutOfStock":false,"maxVisibleSwatchCount":4,"name":"Great Value Sweetened Dried Cranberries, 6 oz","groupMetaData":null,"itemType":null,"pac":null,"offerId":"CAF0025DDB4A4D87BA06089702D176EF","sellerId":"F55CDC31AB754BB68FE0B39041159D63","showSubscribe":false,"sellerName":null,"salesUnitType":"EACH","weightIncrement":1,"hasSellerBadge":null,"preOrder":{"streetDate":null,"streetDateDisplayable":null,"streetDateType":null,"isPreOrder":false,"preOrderMessage":null,"preOrderStreetDateMessage":null},"price":1.96,"priceInfo":{"linePrice":"$1.96","priceDisplayCondition":null,"unitPrice":"32.7 ¢/oz","priceRangeString":"","subscriptionString":"","linePriceDisplay":"$1.96","eaPricingPreText":""},"usItemId":"13033150","variantList":[],"isVariantTypeSwatch":false,"type":"REGULAR","rating":{"averageRating":4.5,"numberOfReviews":138},"sponsoredProduct":null,"isSponsoredFlag":false,"brand":"Great Value","canonicalUrl":"/ip/Great-Value-Sweetened-Dried-Cranberries-6-oz/13033150?athcpid=13033150\u0026athpgid=AthenaContentPage_4740967\u0026athcgid=null\u0026athznid=ItemCarousel_e1eb24e3-1d7b-4883-80cd-ded2543ad610_items\u0026athieid=v0\u0026athstid=CS020\u0026athguid=s-SwGJlwQKwJx4-cn3aD3PFfAgOp1Vtd9RFT\u0026athancid=null\u0026athena=true"},{"canAddToCart":true,"showOptions":false,"badge":{"id":"L1600","text":"Best seller","key":"BESTSELLER","type":"LABEL","rank":1,"styleId":null},"badgeGroups":[],"badges":{"flags":[{"key":"BESTSELLER","text":"Best seller","type":"LABEL","id":"L1600","rank":1,"styleId":null}],"labels":[],"tags":[{"key":"PICKUP","text":"Pickup","id":"L1001","rank":null},{"key":"DELIVERY","text":"Delivery","id":"L1002","rank":null}],"groups":[]},"earlyAccessEvent":false,"eventAttributes":{"specialBuy":false,"priceFlip":false},"flag":"Best seller","classType":"REGULAR","fulfillmentBadges":["Pickup","Delivery"],"fulfillmentSpeed":null,"fulfillmentType":"STORE","id":"433628197","image":"https://i5.walmartimages.com/asr/94225e2c-1c91-42a1-8eca-3e980ea0bd5e.dd86070051e915442c3680af6e64b95a.jpeg","isEarlyAccessItem":false,"isOutOfStock":false,"maxVisibleSwatchCount":4,"name":"Great Value Raw Honey, 16 oz Inverted Plastic Bottle","groupMetaData":null,"itemType":null,"pac":null,"offerId":"53341E6E92F84089AA4B901DB0440937","sellerId":"F55CDC31AB754BB68FE0B39041159D63","showSubscribe":false,"sellerName":null,"salesUnitType":"EACH","weightIncrement":1,"hasSellerBadge":null,"preOrder":{"streetDate":null,"streetDateDisplayable":null,"streetDateType":null,"isPreOrder":false,"preOrderMessage":null,"preOrderStreetDateMessage":null},"price":6.34,"priceInfo":{"linePrice":"$6.34","priceDisplayCondition":null,"unitPrice":"39.6 ¢/oz","priceRangeString":"","subscriptionString":"","linePriceDisplay":"$6.34","eaPricingPreText":""},"usItemId":"433628197","variantList":[],"isVariantTypeSwatch":false,"type":"REGULAR","rating":{"averageRating":3.3,"numberOfReviews":97},"sponsoredProduct":null,"isSponsoredFlag":false,"brand":"Great Value","canonicalUrl":"/ip/Great-Value-Raw-Honey-16-oz-Inverted-Plastic-Bottle/433628197?athcpid=433628197\u0026athpgid=AthenaContentPage_4740967\u0026athcgid=null\u0026athznid=ItemCarousel_e1eb24e3-1d7b-4883-80cd-ded2543ad610_items\u0026athieid=v0\u0026athstid=CS020\u0026athguid=s-SwGJlwQKwJx4-cn3aD3PFfAgOp1Vtd9RFT\u0026athancid=null\u0026athena=true\u0026athbdg=L1600"},{"canAddToCart":true,"showOptions":false,"badge":{"id":"L1600","text":"Best seller","key":"BESTSELLER","type":"LABEL","rank":1,"styleId":null},"badgeGroups":[],"badges":{"flags":[{"key":"BESTSELLER","text":"Best seller","type":"LABEL","id":"L1600","rank":1,"styleId":null}],"labels":[],"tags":[{"key":"PICKUP","text":"Pickup","id":"L1001","rank":null},{"key":"DELIVERY","text":"Delivery","id":"L1002","rank":null}],"groups":[]},"earlyAccessEvent":false,"eventAttributes":{"specialBuy":false,"priceFlip":false},"flag":"Best seller","classType":"REGULAR","fulfillmentBadges":["Pickup","Delivery"],"fulfillmentSpeed":null,"fulfillmentType":"STORE","id":"10452775","image":"https://i5.walmartimages.com/asr/8ff9b181-0b1c-4dbe-b752-8fb8b5f3db3e.6526669959ea1acfdaa96307e76e65fb.jpeg","isEarlyAccessItem":false,"isOutOfStock":false,"maxVisibleSwatchCount":4,"name":"Great Value Pepper Jack Cheese, 8 oz Block (Plastic Packaging)","groupMetaData":null,"itemType":null,"pac":null,"offerId":"100D634EF00F40E3A7768BE7B8DF6430","sellerId":"F55CDC31AB754BB68FE0B39041159D63","showSubscribe":false,"sellerName":null,"salesUnitType":"EACH","weightIncrement":1,"hasSellerBadge":null,"preOrder":{"streetDate":null,"streetDateDisplayable":null,"streetDateType":null,"isPreOrder":false,"preOrderMessage":null,"preOrderStreetDateMessage":null},"price":2,"priceInfo":{"linePrice":"$2.00","priceDisplayCondition":null,"unitPrice":"25.0 ¢/oz","priceRangeString":"","subscriptionString":"","linePriceDisplay":"$2.00","eaPricingPreText":""},"usItemId":"10452775","variantList":[],"isVariantTypeSwatch":false,"type":"REGULAR","rating":{"averageRating":3.5,"numberOfReviews":103},"sponsoredProduct":null,"isSponsoredFlag":false,"brand":"Great Value","canonicalUrl":"/ip/Great-Value-Pepper-Jack-Cheese-8-oz-Block-Plastic-Packaging/10452775?athcpid=10452775\u0026athpgid=AthenaContentPage_4740967\u0026athcgid=null\u0026athznid=ItemCarousel_e1eb24e3-1d7b-4883-80cd-ded2543ad610_items\u0026athieid=v0\u0026athstid=CS020\u0026athguid=s-SwGJlwQKwJx4-cn3aD3PFfAgOp1Vtd9RFT\u0026athancid=null\u0026athena=true\u0026athbdg=L1600"},{"canAddToCart":true,"showOptions":false,"badge":null,"badgeGroups":[],"badges":{"flags":null,"labels":[],"tags":[{"key":"PICKUP","text":"Pickup","id":"L1001","rank":null},{"key":"DELIVERY","text":"Delivery","id":"L1002","rank":null}],"groups":[]},"earlyAccessEvent":false,"eventAttributes":{"specialBuy":false,"priceFlip":false},"flag":"","classType":"REGULAR","fulfillmentBadges":["Pickup","Delivery"],"fulfillmentSpeed":null,"fulfillmentType":"STORE","id":"10452496","image":"https://i5.walmartimages.com/asr/0ffaa405-27e8-4de1-964d-8ae25f52fa12.695c834e8503c19b0402865b3e6f197a.jpeg","isEarlyAccessItem":false,"isOutOfStock":false,"maxVisibleSwatchCount":4,"name":"Great Value Mild Cheddar Cheese, 32 oz","groupMetaData":null,"itemType":null,"pac":null,"offerId":"112D9FD2842E45B488A524905238ABB7","sellerId":"F55CDC31AB754BB68FE0B39041159D63","showSubscribe":false,"sellerName":null,"salesUnitType":"EACH","weightIncrement":1,"hasSellerBadge":null,"preOrder":{"streetDate":null,"streetDateDisplayable":null,"streetDateType":null,"isPreOrder":false,"preOrderMessage":null,"preOrderStreetDateMessage":null},"price":7.32,"priceInfo":{"linePrice":"$7.32","priceDisplayCondition":null,"unitPrice":"22.9 ¢/oz","priceRangeString":"","subscriptionString":"","linePriceDisplay":"$7.32","eaPricingPreText":""},"usItemId":"10452496","variantList":[],"isVariantTypeSwatch":false,"type":"REGULAR","rating":{"averageRating":3.2,"numberOfReviews":53},"sponsoredProduct":null,"isSponsoredFlag":false,"brand":"Great Value","canonicalUrl":"/ip/Great-Value-Mild-Cheddar-Cheese-32-oz/10452496?athcpid=10452496\u0026athpgid=AthenaContentPage_4740967\u0026athcgid=null\u0026athznid=ItemCarousel_e1eb24e3-1d7b-4883-80cd-ded2543ad610_items\u0026athieid=v0\u0026athstid=CS020\u0026athguid=s-SwGJlwQKwJx4-cn3aD3PFfAgOp1Vtd9RFT\u0026athancid=null\u0026athena=true"},{"canAddToCart":true,"showOptions":false,"badge":null,"badgeGroups":[],"badges":{"flags":null,"labels":[],"tags":[{"key":"PICKUP","text":"Pickup","id":"L1001","rank":null},{"key":"DELIVERY","text":"Delivery","id":"L1002","rank":null}],"groups":[]},"earlyAccessEvent":false,"eventAttributes":{"specialBuy":false,"priceFlip":false},"flag":"","classType":"REGULAR","fulfillmentBadges":["Pickup","Delivery"],"fulfillmentSpeed":null,"fulfillmentType":"STORE","id":"814783251","image":"https://i5.walmartimages.com/asr/b23bdd6a-5482-4fa9-b590-661834d05d9d_1.ea3f8b6b22bd0228aa3a10088784fff7.jpeg","isEarlyAccessItem":false,"isOutOfStock":false,"maxVisibleSwatchCount":4,"name":"Great Value Cracker Cut Sliced 4 Cheese Tray, 16 oz","groupMetaData":null,"itemType":null,"pac":null,"offerId":"5D99E7D286774334942B2E96892E1A8E","sellerId":"F55CDC31AB754BB68FE0B39041159D63","showSubscribe":false,"sellerName":null,"salesUnitType":"EACH","weightIncrement":1,"hasSellerBadge":null,"preOrder":{"streetDate":null,"streetDateDisplayable":null,"streetDateType":null,"isPreOrder":false,"preOrderMessage":null,"preOrderStreetDateMessage":null},"price":4.98,"priceInfo":{"linePrice":"$4.98","priceDisplayCondition":null,"unitPrice":"31.1 ¢/oz","priceRangeString":"","subscriptionString":"","linePriceDisplay":"$4.98","eaPricingPreText":""},"usItemId":"814783251","variantList":[],"isVariantTypeSwatch":false,"type":"REGULAR","rating":{"averageRating":3.6,"numberOfReviews":112},"sponsoredProduct":null,"isSponsoredFlag":false,"brand":"Great Value","canonicalUrl":"/ip/Great-Value-Cracker-Cut-Sliced-4-Cheese-Tray-16-oz/814783251?athcpid=814783251\u0026athpgid=AthenaContentPage_4740967\u0026athcgid=null\u0026athznid=ItemCarousel_e1eb24e3-1d7b-4883-80cd-ded2543ad610_items\u0026athieid=v0\u0026athstid=CS020\u0026athguid=s-SwGJlwQKwJx4-cn3aD3PFfAgOp1Vtd9RFT\u0026athancid=null\u0026athena=true"},{"canAddToCart":true,"showOptions":false,"badge":{"id":"L1600","text":"Best seller","key":"BESTSELLER","type":"LABEL","rank":1,"styleId":null},"badgeGroups":[],"badges":{"flags":[{"key":"BESTSELLER","text":"Best seller","type":"LABEL","id":"L1600","rank":1,"styleId":null}],"labels":[],"tags":[{"key":"PICKUP","text":"Pickup","id":"L1001","rank":null},{"key":"DELIVERY","text":"Delivery","id":"L1002","rank":null}],"groups":[]},"earlyAccessEvent":false,"eventAttributes":{"specialBuy":false,"priceFlip":false},"flag":"Best seller","classType":"REGULAR","fulfillmentBadges":["Pickup","Delivery"],"fulfillmentSpeed":null,"fulfillmentType":"STORE","id":"40495518","image":"https://i5.walmartimages.com/asr/6bfb791e-84a7-48b8-bdf1-7d824c2831a8.b63b7ad403c501a06ac8fcf7db135cc2.jpeg","isEarlyAccessItem":false,"isOutOfStock":false,"maxVisibleSwatchCount":4,"name":"Great Value Original Pepperoni Slices, 6 oz","groupMetaData":null,"itemType":null,"pac":null,"offerId":"CA09E54CDAFA4D66BC02C3CA18FC80D3","sellerId":"F55CDC31AB754BB68FE0B39041159D63","showSubscribe":false,"sellerName":null,"salesUnitType":"EACH","weightIncrement":1,"hasSellerBadge":null,"preOrder":{"streetDate":null,"streetDateDisplayable":null,"streetDateType":null,"isPreOrder":false,"preOrderMessage":null,"preOrderStreetDateMessage":null},"price":2.58,"priceInfo":{"linePrice":"$2.58","priceDisplayCondition":null,"unitPrice":"$6.79/lb","priceRangeString":"","subscriptionString":"","linePriceDisplay":"$2.58","eaPricingPreText":""},"usItemId":"40495518","variantList":[],"isVariantTypeSwatch":false,"type":"REGULAR","rating":{"averageRating":0,"numberOfReviews":0},"sponsoredProduct":null,"isSponsoredFlag":false,"brand":"Great Value","canonicalUrl":"/ip/Great-Value-Original-Pepperoni-Slices-6-oz/40495518?athcpid=40495518\u0026athpgid=AthenaContentPage_4740967\u0026athcgid=null\u0026athznid=ItemCarousel_e1eb24e3-1d7b-4883-80cd-ded2543ad610_items\u0026athieid=v0\u0026athstid=CS020\u0026athguid=s-SwGJlwQKwJx4-cn3aD3PFfAgOp1Vtd9RFT\u0026athancid=null\u0026athena=true\u0026athbdg=L1600"},{"canAddToCart":true,"showOptions":false,"badge":null,"badgeGroups":[],"badges":{"flags":null,"labels":[],"tags":[{"key":"PICKUP","text":"Pickup","id":"L1001","rank":null},{"key":"DELIVERY","text":"Delivery","id":"L1002","rank":null}],"groups":[]},"earlyAccessEvent":false,"eventAttributes":{"specialBuy":false,"priceFlip":false},"flag":"","classType":"REGULAR","fulfillmentBadges":["Pickup","Delivery"],"fulfillmentSpeed":null,"fulfillmentType":"STORE","id":"482926313","image":"https://i5.walmartimages.com/asr/1dd26e7d-e983-4e61-81a1-f73717e7e87f.6e120bab9d95e30a36868d91fa5be3e1.jpeg","isEarlyAccessItem":false,"isOutOfStock":false,"maxVisibleSwatchCount":4,"name":"Prima Della Hard Salami, Pre-Sliced","groupMetaData":null,"itemType":null,"pac":null,"offerId":"CBC9FE54A0CA4469920F709A493E5D2B","sellerId":"F55CDC31AB754BB68FE0B39041159D63","showSubscribe":false,"sellerName":null,"salesUnitType":"PACK_WEIGHT","weightIncrement":1,"hasSellerBadge":null,"preOrder":{"streetDate":null,"streetDateDisplayable":null,"streetDateType":null,"isPreOrder":false,"preOrderMessage":null,"preOrderStreetDateMessage":null},"price":4.39,"priceInfo":{"linePrice":"$4.39","priceDisplayCondition":" avg price","unitPrice":"54.8 ¢/lb","priceRangeString":"","subscriptionString":"","linePriceDisplay":"$4.39","eaPricingPreText":""},"usItemId":"482926313","variantList":[],"isVariantTypeSwatch":false,"type":"REGULAR","rating":{"averageRating":0,"numberOfReviews":0},"sponsoredProduct":null,"isSponsoredFlag":false,"brand":"Prima Della","canonicalUrl":"/ip/Prima-Della-Hard-Salami-Pre-Sliced/482926313?athcpid=482926313\u0026athpgid=AthenaContentPage_4740967\u0026athcgid=null\u0026athznid=ItemCarousel_e1eb24e3-1d7b-4883-80cd-ded2543ad610_items\u0026athieid=v0\u0026athstid=CS020\u0026athguid=s-SwGJlwQKwJx4-cn3aD3PFfAgOp1Vtd9RFT\u0026athancid=null\u0026athena=true"},{"canAddToCart":true,"showOptions":false,"badge":{"id":"L1600","text":"Best seller","key":"BESTSELLER","type":"LABEL","rank":1,"styleId":null},"badgeGroups":[],"badges":{"flags":[{"key":"BESTSELLER","text":"Best seller","type":"LABEL","id":"L1600","rank":1,"styleId":null}],"labels":[],"tags":[{"key":"PICKUP","text":"Pickup","id":"L1001","rank":null},{"key":"DELIVERY","text":"Delivery","id":"L1002","rank":null}],"groups":[]},"earlyAccessEvent":false,"eventAttributes":{"specialBuy":false,"priceFlip":false},"flag":"Best seller","classType":"REGULAR","fulfillmentBadges":["Pickup","Delivery"],"fulfillmentSpeed":null,"fulfillmentType":"STORE","id":"10315444","image":"https://i5.walmartimages.com/asr/9cfdd202-142f-41af-810f-be820c179b4c.87fc95d34b31d777060ba2a53fdf3855.jpeg","isEarlyAccessItem":false,"isOutOfStock":false,"maxVisibleSwatchCount":4,"name":"Great Value Large Pitted Black Olives, 6 oz","groupMetaData":null,"itemType":null,"pac":null,"offerId":"E13063BE10364931A06F5DA32A0970CF","sellerId":"F55CDC31AB754BB68FE0B39041159D63","showSubscribe":false,"sellerName":null,"salesUnitType":"EACH","weightIncrement":1,"hasSellerBadge":null,"preOrder":{"streetDate":null,"streetDateDisplayable":null,"streetDateType":null,"isPreOrder":false,"preOrderMessage":null,"preOrderStreetDateMessage":null},"price":1.94,"priceInfo":{"linePrice":"$1.94","priceDisplayCondition":null,"unitPrice":"32.3 ¢/oz","priceRangeString":"","subscriptionString":"","linePriceDisplay":"$1.94","eaPricingPreText":""},"usItemId":"10315444","variantList":[],"isVariantTypeSwatch":false,"type":"REGULAR","rating":{"averageRating":3.7,"numberOfReviews":221},"sponsoredProduct":null,"isSponsoredFlag":false,"brand":"Great Value","canonicalUrl":"/ip/Great-Value-Large-Pitted-Black-Olives-6-oz/10315444?athcpid=10315444\u0026athpgid=AthenaContentPage_4740967\u0026athcgid=null\u0026athznid=ItemCarousel_e1eb24e3-1d7b-4883-80cd-ded2543ad610_items\u0026athieid=v0\u0026athstid=CS020\u0026athguid=s-SwGJlwQKwJx4-cn3aD3PFfAgOp1Vtd9RFT\u0026athancid=null\u0026athena=true\u0026athbdg=L1600"},{"canAddToCart":true,"showOptions":false,"badge":{"id":"L1600","text":"Best seller","key":"BESTSELLER","type":"LABEL","rank":1,"styleId":null},"badgeGroups":[],"badges":{"flags":[{"key":"BESTSELLER","text":"Best seller","type":"LABEL","id":"L1600","rank":1,"styleId":null}],"labels":[],"tags":[{"key":"PICKUP","text":"Pickup","id":"L1001","rank":null},{"key":"DELIVERY","text":"Delivery","id":"L1002","rank":null},{"key":"ONE_DAY_SHIPPING","text":"1-day shipping","id":"L1003","rank":null}],"groups":[]},"earlyAccessEvent":false,"eventAttributes":{"specialBuy":false,"priceFlip":false},"flag":"Best seller","classType":"REGULAR","fulfillmentBadges":["Pickup","Delivery","1-day shipping"],"fulfillmentSpeed":null,"fulfillmentType":"STORE","id":"341961600","image":"https://i5.walmartimages.com/asr/1573c306-cdf3-40cf-aa63-dda9f2e357de.c8455a34cc3eeb3cc81571594882a535.jpeg","isEarlyAccessItem":false,"isOutOfStock":false,"maxVisibleSwatchCount":4,"name":"Freshness Guaranteed Dark Chocolate Almonds, 12.5 oz","groupMetaData":null,"itemType":null,"pac":null,"unsheduled_Delivery_SLA":null,"offerId":"621B078062A140ABA778EFD620C2D10F","sellerId":"F55CDC31AB754BB68FE0B39041159D63","showSubscribe":false,"sellerName":null,"salesUnitType":"EACH","weightIncrement":1,"hasSellerBadge":null,"preOrder":{"streetDate":null,"streetDateDisplayable":null,"streetDateType":null,"isPreOrder":false,"preOrderMessage":null,"preOrderStreetDateMessage":null},"price":5.98,"priceInfo":{"linePrice":"$5.98","priceDisplayCondition":null,"unitPrice":"47.8 ¢/oz","priceRangeString":"","subscriptionString":"","linePriceDisplay":"$5.98","eaPricingPreText":""},"usItemId":"341961600","variantList":[],"isVariantTypeSwatch":false,"type":"REGULAR","rating":{"averageRating":3.8,"numberOfReviews":79},"sponsoredProduct":null,"isSponsoredFlag":false,"brand":"Freshness Guaranteed","canonicalUrl":"/ip/Freshness-Guaranteed-Dark-Chocolate-Almonds-12-5-oz/341961600?athcpid=341961600\u0026athpgid=AthenaContentPage_4740967\u0026athcgid=null\u0026athznid=ItemCarousel_e1eb24e3-1d7b-4883-80cd-ded2543ad610_items\u0026athieid=v0\u0026athstid=CS020\u0026athguid=s-SwGJlwQKwJx4-cn3aD3PFfAgOp1Vtd9RFT\u0026athancid=null\u0026athena=true\u0026athbdg=L1600"},{"canAddToCart":true,"showOptions":false,"badge":{"id":"L1600","text":"Best seller","key":"BESTSELLER","type":"LABEL","rank":1,"styleId":null},"badgeGroups":[],"badges":{"flags":[{"key":"BESTSELLER","text":"Best seller","type":"LABEL","id":"L1600","rank":1,"styleId":null}],"labels":[],"tags":[{"key":"PICKUP","text":"Pickup","id":"L1001","rank":null},{"key":"DELIVERY","text":"Delivery","id":"L1002","rank":null}],"groups":[]},"earlyAccessEvent":false,"eventAttributes":{"specialBuy":false,"priceFlip":false},"flag":"Best seller","classType":"VARIANT","fulfillmentBadges":["Pickup","Delivery"],"fulfillmentSpeed":null,"fulfillmentType":"STORE","id":"10315533","image":"https://i5.walmartimages.com/seo/Great-Value-Cinnamon-Graham-Crackers-14-4-oz_5351e62a-0a22-41ac-97ca-0f3dd64b6ae5.33a485489754f0b079722fabbdc6794d.jpeg","isEarlyAccessItem":false,"isOutOfStock":false,"maxVisibleSwatchCount":4,"name":"Great Value Cinnamon Graham Crackers, 14.4 oz","groupMetaData":null,"itemType":null,"pac":null,"offerId":"564FDC2A73054331929F2CF8A569E5BA","sellerId":"F55CDC31AB754BB68FE0B39041159D63","showSubscribe":false,"sellerName":null,"salesUnitType":"EACH","weightIncrement":1,"hasSellerBadge":null,"preOrder":{"streetDate":null,"streetDateDisplayable":null,"streetDateType":null,"isPreOrder":false,"preOrderMessage":null,"preOrderStreetDateMessage":null},"price":2.22,"priceInfo":{"linePrice":"$2.22","priceDisplayCondition":null,"unitPrice":"15.4 ¢/oz","priceRangeString":"","subscriptionString":"","linePriceDisplay":"$2.22","eaPricingPreText":""},"usItemId":"10315533","variantList":[null,null],"isVariantTypeSwatch":false,"type":"VARIANT","rating":{"averageRating":4.1,"numberOfReviews":547},"sponsoredProduct":null,"isSponsoredFlag":false,"brand":"Great Value","canonicalUrl":"/ip/Great-Value-Cinnamon-Graham-Crackers-14-4-oz/10315533?athcpid=10315533\u0026athpgid=AthenaContentPage_4740967\u0026athcgid=null\u0026athznid=ItemCarousel_e1eb24e3-1d7b-4883-80cd-ded2543ad610_items\u0026athieid=v0\u0026athstid=CS020\u0026athguid=s-SwGJlwQKwJx4-cn3aD3PFfAgOp1Vtd9RFT\u0026athancid=null\u0026athena=true\u0026athbdg=L1600"},{"canAddToCart":true,"showOptions":false,"badge":{"id":"L1600","text":"Best seller","key":"BESTSELLER","type":"LABEL","rank":1,"styleId":null},"badgeGroups":[],"badges":{"flags":[{"key":"BESTSELLER","text":"Best seller","type":"LABEL","id":"L1600","rank":1,"styleId":null}],"labels":[],"tags":[{"key":"PICKUP","text":"Pickup","id":"L1001","rank":null},{"key":"DELIVERY","text":"Delivery","id":"L1002","rank":null}],"groups":[]},"earlyAccessEvent":false,"eventAttributes":{"specialBuy":false,"priceFlip":false},"flag":"Best seller","classType":"REGULAR","fulfillmentBadges":["Pickup","Delivery"],"fulfillmentSpeed":null,"fulfillmentType":"STORE","id":"52196662","image":"https://i5.walmartimages.com/asr/5f59480c-afa2-49e3-b435-de20f8f442f3.96ba6515cbf48ca81a51d12b2febb01b.jpeg","isEarlyAccessItem":false,"isOutOfStock":false,"maxVisibleSwatchCount":4,"name":"Marketside French Baguette Bread, Bake at Home, 10oz, Bag","groupMetaData":null,"itemType":null,"pac":null,"offerId":"D475337ED2574A3FBF7D7B81A1D9F7AA","sellerId":"F55CDC31AB754BB68FE0B39041159D63","showSubscribe":false,"sellerName":null,"salesUnitType":"EACH","weightIncrement":1,"hasSellerBadge":null,"preOrder":{"streetDate":null,"streetDateDisplayable":null,"streetDateType":null,"isPreOrder":false,"preOrderMessage":null,"preOrderStreetDateMessage":null},"price":1.97,"priceInfo":{"linePrice":"$1.97","priceDisplayCondition":null,"unitPrice":"19.7 ¢/oz","priceRangeString":"","subscriptionString":"","linePriceDisplay":"$1.97","eaPricingPreText":""},"usItemId":"52196662","variantList":[],"isVariantTypeSwatch":false,"type":"REGULAR","rating":{"averageRating":2.5,"numberOfReviews":263},"sponsoredProduct":null,"isSponsoredFlag":false,"brand":"Marketside","canonicalUrl":"/ip/Marketside-French-Baguette-Bread-Bake-at-Home-10oz-Bag/52196662?athcpid=52196662\u0026athpgid=AthenaContentPage_4740967\u0026athcgid=null\u0026athznid=ItemCarousel_e1eb24e3-1d7b-4883-80cd-ded2543ad610_items\u0026athieid=v0\u0026athstid=CS020\u0026athguid=s-SwGJlwQKwJx4-cn3aD3PFfAgOp1Vtd9RFT\u0026athancid=null\u0026athena=true\u0026athbdg=L1600"},{"canAddToCart":true,"showOptions":false,"badge":null,"badgeGroups":[],"badges":{"flags":null,"labels":[],"tags":[{"key":"PICKUP","text":"Pickup","id":"L1001","rank":null},{"key":"DELIVERY","text":"Delivery","id":"L1002","rank":null}],"groups":[]},"earlyAccessEvent":false,"eventAttributes":{"specialBuy":false,"priceFlip":false},"flag":"","classType":"REGULAR","fulfillmentBadges":["Pickup","Delivery"],"fulfillmentSpeed":null,"fulfillmentType":"STORE","id":"3322570808","image":"https://i5.walmartimages.com/asr/eeef9e3b-d986-4cda-84c4-4ffd239249a6.80c2ff6f09be230d4b6722ee6d124501.jpeg","isEarlyAccessItem":false,"isOutOfStock":false,"maxVisibleSwatchCount":4,"name":"Great Value Sliced Hard Salami 6oz Ready to Eat","groupMetaData":null,"itemType":null,"pac":null,"offerId":"242FF23AFF304144A7850839375F5D4F","sellerId":"F55CDC31AB754BB68FE0B39041159D63","showSubscribe":false,"sellerName":null,"salesUnitType":"EACH","weightIncrement":1,"hasSellerBadge":null,"preOrder":{"streetDate":null,"streetDateDisplayable":null,"streetDateType":null,"isPreOrder":false,"preOrderMessage":null,"preOrderStreetDateMessage":null},"price":2.58,"priceInfo":{"linePrice":"$2.58","priceDisplayCondition":null,"unitPrice":"43.0 ¢/lb","priceRangeString":"","subscriptionString":"","linePriceDisplay":"$2.58","eaPricingPreText":""},"usItemId":"3322570808","variantList":[],"isVariantTypeSwatch":false,"type":"REGULAR","rating":{"averageRating":0,"numberOfReviews":0},"sponsoredProduct":null,"isSponsoredFlag":false,"brand":"Great Value","canonicalUrl":"/ip/Great-Value-Sliced-Hard-Salami-6oz-Ready-to-Eat/3322570808?athcpid=3322570808\u0026athpgid=AthenaContentPage_4740967\u0026athcgid=null\u0026athznid=ItemCarousel_e1eb24e3-1d7b-4883-80cd-ded2543ad610_items\u0026athieid=v0\u0026athstid=CS020\u0026athguid=s-SwGJlwQKwJx4-cn3aD3PFfAgOp1Vtd9RFT\u0026athancid=null\u0026athena=true"},{"canAddToCart":true,"showOptions":false,"badge":{"id":"L1600","text":"Best seller","key":"BESTSELLER","type":"LABEL","rank":1,"styleId":null},"badgeGroups":[],"badges":{"flags":[{"key":"BESTSELLER","text":"Best seller","type":"LABEL","id":"L1600","rank":1,"styleId":null}],"labels":[],"tags":[{"key":"PICKUP","text":"Pickup","id":"L1001","rank":null},{"key":"DELIVERY","text":"Delivery","id":"L1002","rank":null}],"groups":[]},"earlyAccessEvent":false,"eventAttributes":{"specialBuy":false,"priceFlip":false},"flag":"Best seller","classType":"REGULAR","fulfillmentBadges":["Pickup","Delivery"],"fulfillmentSpeed":null,"fulfillmentType":"STORE","id":"1954443138","image":"https://i5.walmartimages.com/asr/23c03631-e27f-4d77-a3db-c1d70e0305ca.f2ef10c8de14f3c59441ae5b44cc71b4.jpeg","isEarlyAccessItem":false,"isOutOfStock":false,"maxVisibleSwatchCount":4,"name":"Marketside Natural Sliced Roast Beef, 8 oz","groupMetaData":null,"itemType":null,"pac":null,"offerId":"2F8BA2A192094815B1F9FCC3532FE232","sellerId":"F55CDC31AB754BB68FE0B39041159D63","showSubscribe":false,"sellerName":null,"salesUnitType":"EACH","weightIncrement":1,"hasSellerBadge":null,"preOrder":{"streetDate":null,"streetDateDisplayable":null,"streetDateType":null,"isPreOrder":false,"preOrderMessage":null,"preOrderStreetDateMessage":null},"price":5.44,"priceInfo":{"linePrice":"$5.44","priceDisplayCondition":null,"unitPrice":"68.0 ¢/lb","priceRangeString":"","subscriptionString":"","linePriceDisplay":"$5.44","eaPricingPreText":""},"usItemId":"1954443138","variantList":[],"isVariantTypeSwatch":false,"type":"REGULAR","rating":{"averageRating":0,"numberOfReviews":0},"sponsoredProduct":null,"isSponsoredFlag":false,"brand":"Marketside","canonicalUrl":"/ip/Marketside-Natural-Sliced-Roast-Beef-8-oz/1954443138?athcpid=1954443138\u0026athpgid=AthenaContentPage_4740967\u0026athcgid=null\u0026athznid=ItemCarousel_e1eb24e3-1d7b-4883-80cd-ded2543ad610_items\u0026athieid=v0\u0026athstid=CS020\u0026athguid=s-SwGJlwQKwJx4-cn3aD3PFfAgOp1Vtd9RFT\u0026athancid=null\u0026athena=true\u0026athbdg=L1600"},{"canAddToCart":true,"showOptions":false,"badge":{"id":"L1600","text":"Best seller","key":"BESTSELLER","type":"LABEL","rank":1,"styleId":null},"badgeGroups":[],"badges":{"flags":[{"key":"BESTSELLER","text":"Best seller","type":"LABEL","id":"L1600","rank":1,"styleId":null}],"labels":[],"tags":[{"key":"PICKUP","text":"Pickup","id":"L1001","rank":null},{"key":"DELIVERY","text":"Delivery","id":"L1002","rank":null}],"groups":[]},"earlyAccessEvent":false,"eventAttributes":{"specialBuy":false,"priceFlip":false},"flag":"Best seller","classType":"REGULAR","fulfillmentBadges":["Pickup","Delivery"],"fulfillmentSpeed":null,"fulfillmentType":"STORE","id":"2446198083","image":"https://i5.walmartimages.com/asr/1b9b7577-1262-4f41-a1fc-42b17b268422.ecf7b514025b26d89467dceba94af540.jpeg","isEarlyAccessItem":false,"isOutOfStock":false,"maxVisibleSwatchCount":4,"name":"Marketside Natural Sliced Applewood Smoked Turkey Breast, 8 oz","groupMetaData":null,"itemType":null,"pac":null,"offerId":"24BDB866921040B69A7FD17A4B111945","sellerId":"F55CDC31AB754BB68FE0B39041159D63","showSubscribe":false,"sellerName":null,"salesUnitType":"EACH","weightIncrement":1,"hasSellerBadge":null,"preOrder":{"streetDate":null,"streetDateDisplayable":null,"streetDateType":null,"isPreOrder":false,"preOrderMessage":null,"preOrderStreetDateMessage":null},"price":4.68,"priceInfo":{"linePrice":"$4.68","priceDisplayCondition":null,"unitPrice":"58.5 ¢/oz","priceRangeString":"","subscriptionString":"","linePriceDisplay":"$4.68","eaPricingPreText":""},"usItemId":"2446198083","variantList":[],"isVariantTypeSwatch":false,"type":"REGULAR","rating":{"averageRating":0,"numberOfReviews":0},"sponsoredProduct":null,"isSponsoredFlag":false,"brand":"Marketside","canonicalUrl":"/ip/Marketside-Natural-Sliced-Applewood-Smoked-Turkey-Breast-8-oz/2446198083?athcpid=2446198083\u0026athpgid=AthenaContentPage_4740967\u0026athcgid=null\u0026athznid=ItemCarousel_e1eb24e3-1d7b-4883-80cd-ded2543ad610_items\u0026athieid=v0\u0026athstid=CS020\u0026athguid=s-SwGJlwQKwJx4-cn3aD3PFfAgOp1Vtd9RFT\u0026athancid=null\u0026athena=true\u0026athbdg=L1600"},{"canAddToCart":true,"showOptions":false,"badge":null,"badgeGroups":[],"badges":{"flags":null,"labels":[],"tags":[{"key":"PICKUP","text":"Pickup","id":"L1001","rank":null},{"key":"DELIVERY","text":"Delivery","id":"L1002","rank":null}],"groups":[]},"earlyAccessEvent":false,"eventAttributes":{"specialBuy":false,"priceFlip":false},"flag":"","classType":"REGULAR","fulfillmentBadges":["Pickup","Delivery"],"fulfillmentSpeed":null,"fulfillmentType":"STORE","id":"1277154052","image":"https://i5.walmartimages.com/asr/6a1ba943-db66-4e58-b216-fb7d04afb6a8.264581e660c1a66ff4b75658c458d586.jpeg","isEarlyAccessItem":false,"isOutOfStock":false,"maxVisibleSwatchCount":4,"name":"Marketside Natural Sliced Honey Ham, 8 oz","groupMetaData":null,"itemType":null,"pac":null,"offerId":"4A8E37F6304A4793A5E3D3A6CFBEFF75","sellerId":"F55CDC31AB754BB68FE0B39041159D63","showSubscribe":false,"sellerName":null,"salesUnitType":"EACH","weightIncrement":1,"hasSellerBadge":null,"preOrder":{"streetDate":null,"streetDateDisplayable":null,"streetDateType":null,"isPreOrder":false,"preOrderMessage":null,"preOrderStreetDateMessage":null},"price":4.58,"priceInfo":{"linePrice":"$4.58","priceDisplayCondition":null,"unitPrice":"57.3 ¢/oz","priceRangeString":"","subscriptionString":"","linePriceDisplay":"$4.58","eaPricingPreText":""},"usItemId":"1277154052","variantList":[],"isVariantTypeSwatch":false,"type":"REGULAR","rating":{"averageRating":0,"numberOfReviews":0},"sponsoredProduct":null,"isSponsoredFlag":false,"brand":"Marketside","canonicalUrl":"/ip/Marketside-Natural-Sliced-Honey-Ham-8-oz/1277154052?athcpid=1277154052\u0026athpgid=AthenaContentPage_4740967\u0026athcgid=null\u0026athznid=ItemCarousel_e1eb24e3-1d7b-4883-80cd-ded2543ad610_items\u0026athieid=v0\u0026athstid=CS020\u0026athguid=s-SwGJlwQKwJx4-cn3aD3PFfAgOp1Vtd9RFT\u0026athancid=null\u0026athena=true"},{"canAddToCart":true,"showOptions":false,"badge":null,"badgeGroups":[],"badges":{"flags":null,"labels":[],"tags":[{"key":"PICKUP","text":"Pickup","id":"L1001","rank":null},{"key":"DELIVERY","text":"Delivery","id":"L1002","rank":null}],"groups":[]},"earlyAccessEvent":false,"eventAttributes":{"specialBuy":false,"priceFlip":false},"flag":"","classType":"REGULAR","fulfillmentBadges":["Pickup","Delivery"],"fulfillmentSpeed":null,"fulfillmentType":"STORE","id":"2236013814","image":"https://i5.walmartimages.com/asr/3eceec86-6560-4f05-9cae-830f8923f128.1e2b4689d10861d42f3abfd27aa2ecec.jpeg","isEarlyAccessItem":false,"isOutOfStock":false,"maxVisibleSwatchCount":4,"name":"Marketside Natural Sliced Oven Roasted Turkey, 8 oz","groupMetaData":null,"itemType":null,"pac":null,"offerId":"C301D3049CE94433B323089A15AEA663","sellerId":"F55CDC31AB754BB68FE0B39041159D63","showSubscribe":false,"sellerName":null,"salesUnitType":"EACH","weightIncrement":1,"hasSellerBadge":null,"preOrder":{"streetDate":null,"streetDateDisplayable":null,"streetDateType":null,"isPreOrder":false,"preOrderMessage":null,"preOrderStreetDateMessage":null},"price":4.68,"priceInfo":{"linePrice":"$4.68","priceDisplayCondition":null,"unitPrice":"58.5 ¢/oz","priceRangeString":"","subscriptionString":"","linePriceDisplay":"$4.68","eaPricingPreText":""},"usItemId":"2236013814","variantList":[],"isVariantTypeSwatch":false,"type":"REGULAR","rating":{"averageRating":0,"numberOfReviews":0},"sponsoredProduct":null,"isSponsoredFlag":false,"brand":"Marketside","canonicalUrl":"/ip/Marketside-Natural-Sliced-Oven-Roasted-Turkey-8-oz/2236013814?athcpid=2236013814\u0026athpgid=AthenaContentPage_4740967\u0026athcgid=null\u0026athznid=ItemCarousel_e1eb24e3-1d7b-4883-80cd-ded2543ad610_items\u0026athieid=v0\u0026athstid=CS020\u0026athguid=s-SwGJlwQKwJx4-cn3aD3PFfAgOp1Vtd9RFT\u0026athancid=null\u0026athena=true"},{"canAddToCart":true,"showOptions":false,"badge":{"id":"L1600","text":"Best seller","key":"BESTSELLER","type":"LABEL","rank":1,"styleId":null},"badgeGroups":[],"badges":{"flags":[{"key":"BESTSELLER","text":"Best seller","type":"LABEL","id":"L1600","rank":1,"styleId":null}],"labels":[],"tags":[{"key":"PICKUP","text":"Pickup","id":"L1001","rank":null},{"key":"DELIVERY","text":"Delivery","id":"L1002","rank":null}],"groups":[]},"earlyAccessEvent":false,"eventAttributes":{"specialBuy":false,"priceFlip":false},"flag":"Best seller","classType":"REGULAR","fulfillmentBadges":["Pickup","Delivery"],"fulfillmentSpeed":null,"fulfillmentType":"STORE","id":"10452510","image":"https://i5.walmartimages.com/asr/369e6943-529b-4e71-bfdc-e576d4f0b2fe.ace66b6a449b3cdf5cf11e79e8a72957.jpeg","isEarlyAccessItem":false,"isOutOfStock":false,"maxVisibleSwatchCount":4,"name":"Great Value Cubed Colby \u0026 Monterey Jack Cheese, 8 oz Bag (Plastic Packaging)","groupMetaData":null,"itemType":null,"pac":null,"offerId":"BB0F22CC1AFB4AD39AA6A17958F5B47B","sellerId":"F55CDC31AB754BB68FE0B39041159D63","showSubscribe":false,"sellerName":null,"salesUnitType":"EACH","weightIncrement":1,"hasSellerBadge":null,"preOrder":{"streetDate":null,"streetDateDisplayable":null,"streetDateType":null,"isPreOrder":false,"preOrderMessage":null,"preOrderStreetDateMessage":null},"price":2.37,"priceInfo":{"linePrice":"$2.37","priceDisplayCondition":null,"unitPrice":"29.6 ¢/oz","priceRangeString":"","subscriptionString":"","linePriceDisplay":"$2.37","eaPricingPreText":""},"usItemId":"10452510","variantList":[],"isVariantTypeSwatch":false,"type":"REGULAR","rating":{"averageRating":3.2,"numberOfReviews":127},"sponsoredProduct":null,"isSponsoredFlag":false,"brand":"Great Value","canonicalUrl":"/ip/Great-Value-Cubed-Colby-Monterey-Jack-Cheese-8-oz-Bag-Plastic-Packaging/10452510?athcpid=10452510\u0026athpgid=AthenaContentPage_4740967\u0026athcgid=null\u0026athznid=ItemCarousel_e1eb24e3-1d7b-4883-80cd-ded2543ad610_items\u0026athieid=v0\u0026athstid=CS020\u0026athguid=s-SwGJlwQKwJx4-cn3aD3PFfAgOp1Vtd9RFT\u0026athancid=null\u0026athena=true\u0026athbdg=L1600"}]}},"publishedDate":1698968458691,"moduleId":"e1eb24e3-1d7b-4883-80cd-ded2543ad610","module_id":"e1eb24e3-1d7b-4883-80cd-ded2543ad610","matchedTrigger":{"pageType":"ContentPage","pageId":"4740967","zone":"contentZone1","inheritable":false}},{"name":"Private label holiday charcuterie carousel","type":"ItemCarousel","version":3,"status":"published","schedule":{"start":null,"end":null,"priority":1,"expEnabled":false},"triggers":[{"pageType":"ContentPage","pageId":"4740967","zone":"contentZone15","inheritable":false}],"configs":{"__typename":"TempoWM_GLASSWWWItemCarouselConfigsV1","type":null,"title":"Charcuterie for all","subTitle":null,"viewAllLink":{"linkText":"Shop all","title":"Shop all","clickThrough":{"type":"url","value":"https://www.walmart.com/cp/4740967?povid=976759_itemcarousel_4740967_Charcuterieforall_Shopall_Rweb_Nov_15"}},"spBeaconInfo":null,"tileOptions":null,"productsConfig":{"products":[{"canAddToCart":true,"showOptions":false,"badge":{"id":"L1600","text":"Best seller","key":"BESTSELLER","type":"LABEL","rank":1,"styleId":null},"badgeGroups":[],"badges":{"flags":[{"key":"BESTSELLER","text":"Best seller","type":"LABEL","id":"L1600","rank":1,"styleId":null}],"labels":[],"tags":[{"key":"PICKUP","text":"Pickup","id":"L1001","rank":null},{"key":"DELIVERY","text":"Delivery","id":"L1002","rank":null}],"groups":[]},"earlyAccessEvent":false,"eventAttributes":{"specialBuy":false,"priceFlip":false},"flag":"Best seller","classType":"REGULAR","fulfillmentBadges":["Pickup","Delivery"],"fulfillmentSpeed":null,"fulfillmentType":"STORE","id":"314637921","image":"https://i5.walmartimages.com/seo/Great-Value-Entertainment-Cracker-Selection-13-1-Oz_95539f44-ba0b-47dc-84bb-6957c0ef6a2c.647131c4620e6b2fed44d5be4c21f7a9.jpeg","isEarlyAccessItem":false,"isOutOfStock":false,"maxVisibleSwatchCount":4,"name":"Great Value Entertainment Cracker Selection, 13.1 Oz.","groupMetaData":null,"itemType":null,"pac":null,"unsheduled_Delivery_SLA":null,"offerId":"704620D0AE8E4795A4013ECECB84BDF7","sellerId":"F55CDC31AB754BB68FE0B39041159D63","showSubscribe":false,"sellerName":"Walmart.com","salesUnitType":"EACH","weightIncrement":1,"hasSellerBadge":null,"preOrder":{"streetDate":null,"streetDateDisplayable":null,"streetDateType":null,"isPreOrder":false,"preOrderMessage":null,"preOrderStreetDateMessage":null},"price":4.28,"priceInfo":{"linePrice":"$4.28","priceDisplayCondition":null,"unitPrice":"32.7 ¢/oz","minPriceForVariant":null,"priceRangeString":"","subscriptionString":"","linePriceDisplay":"$4.28","eaPricingPreText":""},"usItemId":"314637921","variantList":[],"isVariantTypeSwatch":false,"type":"REGULAR","rating":{"averageRating":3.8,"numberOfReviews":255},"sponsoredProduct":null,"isSponsoredFlag":false,"brand":"Great Value","canonicalUrl":"/ip/Great-Value-Entertainment-Cracker-Selection-13-1-Oz/314637921"},{"canAddToCart":true,"showOptions":false,"badge":null,"badgeGroups":[],"badges":{"flags":null,"labels":null,"tags":[],"groups":[{"__typename":"UnifiedBadgeGroup","name":"fulfillment","members":[]}]},"earlyAccessEvent":false,"eventAttributes":{"specialBuy":false,"priceFlip":false},"flag":"","classType":"REGULAR","fulfillmentBadges":[],"fulfillmentSpeed":null,"fulfillmentType":"STORE","id":"240244243","image":"https://i5.walmartimages.com/seo/Great-Value-Cracker-Cuts-Sliced-Colby-Monterey-Jack-Cheese-10-oz_19d1d5dd-907e-4037-a632-f48917945568_1.90a4b13f8036cef9fa90c67075c18e7a.jpeg","isEarlyAccessItem":false,"isOutOfStock":false,"maxVisibleSwatchCount":4,"name":"Great Value Cracker Cuts Sliced Colby \u0026 Monterey Jack Cheese, 10 oz","groupMetaData":null,"itemType":null,"pac":null,"offerId":"62A2F0E338A241C2ABC68046B8E18239","sellerId":"F55CDC31AB754BB68FE0B39041159D63","showSubscribe":false,"sellerName":"Walmart.com","salesUnitType":"EACH","weightIncrement":1,"hasSellerBadge":null,"preOrder":{"streetDate":null,"streetDateDisplayable":null,"streetDateType":null,"isPreOrder":false,"preOrderMessage":null,"preOrderStreetDateMessage":null},"price":4,"priceInfo":{"linePrice":"$4.00","priceDisplayCondition":null,"unitPrice":"40.0 ¢/oz","minPriceForVariant":null,"priceRangeString":"","subscriptionString":"","linePriceDisplay":"$4.00","eaPricingPreText":""},"usItemId":"240244243","variantList":[],"isVariantTypeSwatch":false,"type":"REGULAR","rating":{"averageRating":3,"numberOfReviews":17},"sponsoredProduct":null,"isSponsoredFlag":false,"brand":"Great Value","canonicalUrl":"/ip/Great-Value-Cracker-Cuts-Sliced-Colby-Monterey-Jack-Cheese-10-oz/240244243"},{"canAddToCart":true,"showOptions":false,"badge":null,"badgeGroups":[],"badges":{"flags":null,"labels":[],"tags":[{"key":"PICKUP","text":"Pickup","id":"L1001","rank":null},{"key":"DELIVERY","text":"Delivery","id":"L1002","rank":null}],"groups":[]},"earlyAccessEvent":false,"eventAttributes":{"specialBuy":false,"priceFlip":false},"flag":"","classType":"REGULAR","fulfillmentBadges":["Pickup","Delivery"],"fulfillmentSpeed":null,"fulfillmentType":"STORE","id":"649550932","image":"https://i5.walmartimages.com/seo/Great-Value-Salt-Pepper-Shelled-Pistachios-11-oz_813e167b-0545-4335-ad6d-4e1723dc8d42.769d7ac597f3d8444ae4b2d467eb2780.jpeg","isEarlyAccessItem":false,"isOutOfStock":false,"maxVisibleSwatchCount":4,"name":"Great Value Salt \u0026 Pepper Shelled Pistachios, 11 oz","groupMetaData":null,"itemType":null,"pac":null,"offerId":"FBE5B3766F1C43059948D7D1C26CA7BE","sellerId":"F55CDC31AB754BB68FE0B39041159D63","showSubscribe":false,"sellerName":"Walmart.com","salesUnitType":"EACH","weightIncrement":1,"hasSellerBadge":null,"preOrder":{"streetDate":null,"streetDateDisplayable":null,"streetDateType":null,"isPreOrder":false,"preOrderMessage":null,"preOrderStreetDateMessage":null},"price":9.58,"priceInfo":{"linePrice":"$9.58","priceDisplayCondition":null,"unitPrice":"87.1 ¢/oz","minPriceForVariant":null,"priceRangeString":"","subscriptionString":"","linePriceDisplay":"$9.58","eaPricingPreText":""},"usItemId":"649550932","variantList":[],"isVariantTypeSwatch":false,"type":"REGULAR","rating":{"averageRating":3.6,"numberOfReviews":8},"sponsoredProduct":null,"isSponsoredFlag":false,"brand":"Great Value","canonicalUrl":"/ip/Great-Value-Salt-Pepper-Shelled-Pistachios-11-oz/649550932"},{"canAddToCart":true,"showOptions":false,"badge":null,"badgeGroups":[],"badges":{"flags":null,"labels":[],"tags":[{"key":"PICKUP","text":"Pickup","id":"L1001","rank":null},{"key":"DELIVERY","text":"Delivery","id":"L1002","rank":null}],"groups":[]},"earlyAccessEvent":false,"eventAttributes":{"specialBuy":false,"priceFlip":false},"flag":"","classType":"REGULAR","fulfillmentBadges":["Pickup","Delivery"],"fulfillmentSpeed":null,"fulfillmentType":"STORE","id":"13033150","image":"https://i5.walmartimages.com/seo/Great-Value-Sweetened-Dried-Cranberries-6-oz_476f5e66-2b1e-4fc6-9d50-224466ccff10.257edc41f26840d80c445e891317f82f.jpeg","isEarlyAccessItem":false,"isOutOfStock":false,"maxVisibleSwatchCount":4,"name":"Great Value Sweetened Dried Cranberries, 6 oz","groupMetaData":null,"itemType":null,"pac":null,"unsheduled_Delivery_SLA":null,"offerId":"CAF0025DDB4A4D87BA06089702D176EF","sellerId":"F55CDC31AB754BB68FE0B39041159D63","showSubscribe":false,"sellerName":"Walmart.com","salesUnitType":"EACH","weightIncrement":1,"hasSellerBadge":null,"preOrder":{"streetDate":null,"streetDateDisplayable":null,"streetDateType":null,"isPreOrder":false,"preOrderMessage":null,"preOrderStreetDateMessage":null},"price":1.96,"priceInfo":{"linePrice":"$1.96","priceDisplayCondition":null,"unitPrice":"32.7 ¢/oz","minPriceForVariant":null,"priceRangeString":"","subscriptionString":"","linePriceDisplay":"$1.96","eaPricingPreText":""},"usItemId":"13033150","variantList":[],"isVariantTypeSwatch":false,"type":"REGULAR","rating":{"averageRating":4.5,"numberOfReviews":138},"sponsoredProduct":null,"isSponsoredFlag":false,"brand":"Great Value","canonicalUrl":"/ip/Great-Value-Sweetened-Dried-Cranberries-6-oz/13033150"},{"canAddToCart":true,"showOptions":false,"badge":{"id":"L1600","text":"Best seller","key":"BESTSELLER","type":"LABEL","rank":1,"styleId":null},"badgeGroups":[],"badges":{"flags":[{"key":"BESTSELLER","text":"Best seller","type":"LABEL","id":"L1600","rank":1,"styleId":null}],"labels":[],"tags":[{"key":"PICKUP","text":"Pickup","id":"L1001","rank":null},{"key":"DELIVERY","text":"Delivery","id":"L1002","rank":null}],"groups":[]},"earlyAccessEvent":false,"eventAttributes":{"specialBuy":false,"priceFlip":false},"flag":"Best seller","classType":"REGULAR","fulfillmentBadges":["Pickup","Delivery"],"fulfillmentSpeed":null,"fulfillmentType":"STORE","id":"433628197","image":"https://i5.walmartimages.com/seo/Great-Value-Raw-Honey-16-oz-Inverted-Plastic-Bottle_94225e2c-1c91-42a1-8eca-3e980ea0bd5e.dd86070051e915442c3680af6e64b95a.jpeg","isEarlyAccessItem":false,"isOutOfStock":false,"maxVisibleSwatchCount":4,"name":"Great Value Raw Honey, 16 oz Inverted Plastic Bottle","groupMetaData":null,"itemType":null,"pac":null,"unsheduled_Delivery_SLA":null,"offerId":"53341E6E92F84089AA4B901DB0440937","sellerId":"F55CDC31AB754BB68FE0B39041159D63","showSubscribe":false,"sellerName":"Walmart.com","salesUnitType":"EACH","weightIncrement":1,"hasSellerBadge":null,"preOrder":{"streetDate":null,"streetDateDisplayable":null,"streetDateType":null,"isPreOrder":false,"preOrderMessage":null,"preOrderStreetDateMessage":null},"price":6.34,"priceInfo":{"linePrice":"$6.34","priceDisplayCondition":null,"unitPrice":"39.6 ¢/oz","minPriceForVariant":null,"priceRangeString":"","subscriptionString":"","linePriceDisplay":"$6.34","eaPricingPreText":""},"usItemId":"433628197","variantList":[],"isVariantTypeSwatch":false,"type":"REGULAR","rating":{"averageRating":3.3,"numberOfReviews":97},"sponsoredProduct":null,"isSponsoredFlag":false,"brand":"Great Value","canonicalUrl":"/ip/Great-Value-Raw-Honey-16-oz-Inverted-Plastic-Bottle/433628197"},{"canAddToCart":true,"showOptions":false,"badge":{"id":"L1600","text":"Best seller","key":"BESTSELLER","type":"LABEL","rank":1,"styleId":null},"badgeGroups":[],"badges":{"flags":[{"key":"BESTSELLER","text":"Best seller","type":"LABEL","id":"L1600","rank":1,"styleId":null}],"labels":[],"tags":[{"key":"PICKUP","text":"Pickup","id":"L1001","rank":null},{"key":"DELIVERY","text":"Delivery","id":"L1002","rank":null}],"groups":[]},"earlyAccessEvent":false,"eventAttributes":{"specialBuy":false,"priceFlip":false},"flag":"Best seller","classType":"REGULAR","fulfillmentBadges":["Pickup","Delivery"],"fulfillmentSpeed":null,"fulfillmentType":"STORE","id":"10452775","image":"https://i5.walmartimages.com/seo/Great-Value-Pepper-Jack-Cheese-8-oz-Block-Plastic-Packaging_8ff9b181-0b1c-4dbe-b752-8fb8b5f3db3e.6526669959ea1acfdaa96307e76e65fb.jpeg","isEarlyAccessItem":false,"isOutOfStock":false,"maxVisibleSwatchCount":4,"name":"Great Value Pepper Jack Cheese, 8 oz Block (Plastic Packaging)","groupMetaData":null,"itemType":null,"pac":null,"offerId":"100D634EF00F40E3A7768BE7B8DF6430","sellerId":"F55CDC31AB754BB68FE0B39041159D63","showSubscribe":false,"sellerName":"Walmart.com","salesUnitType":"EACH","weightIncrement":1,"hasSellerBadge":null,"preOrder":{"streetDate":null,"streetDateDisplayable":null,"streetDateType":null,"isPreOrder":false,"preOrderMessage":null,"preOrderStreetDateMessage":null},"price":2,"priceInfo":{"linePrice":"$2.00","priceDisplayCondition":null,"unitPrice":"25.0 ¢/oz","minPriceForVariant":null,"priceRangeString":"","subscriptionString":"","linePriceDisplay":"$2.00","eaPricingPreText":""},"usItemId":"10452775","variantList":[],"isVariantTypeSwatch":false,"type":"REGULAR","rating":{"averageRating":3.5,"numberOfReviews":103},"sponsoredProduct":null,"isSponsoredFlag":false,"brand":"Great Value","canonicalUrl":"/ip/Great-Value-Pepper-Jack-Cheese-8-oz-Block-Plastic-Packaging/10452775"},{"canAddToCart":true,"showOptions":false,"badge":null,"badgeGroups":[],"badges":{"flags":null,"labels":[],"tags":[{"key":"PICKUP","text":"Pickup","id":"L1001","rank":null},{"key":"DELIVERY","text":"Delivery","id":"L1002","rank":null}],"groups":[]},"earlyAccessEvent":false,"eventAttributes":{"specialBuy":false,"priceFlip":false},"flag":"","classType":"REGULAR","fulfillmentBadges":["Pickup","Delivery"],"fulfillmentSpeed":null,"fulfillmentType":"STORE","id":"10452496","image":"https://i5.walmartimages.com/seo/Great-Value-Mild-Cheddar-Cheese-32-oz_0ffaa405-27e8-4de1-964d-8ae25f52fa12.695c834e8503c19b0402865b3e6f197a.jpeg","isEarlyAccessItem":false,"isOutOfStock":false,"maxVisibleSwatchCount":4,"name":"Great Value Mild Cheddar Cheese, 32 oz","groupMetaData":null,"itemType":null,"pac":null,"offerId":"112D9FD2842E45B488A524905238ABB7","sellerId":"F55CDC31AB754BB68FE0B39041159D63","showSubscribe":false,"sellerName":"Walmart.com","salesUnitType":"EACH","weightIncrement":1,"hasSellerBadge":null,"preOrder":{"streetDate":null,"streetDateDisplayable":null,"streetDateType":null,"isPreOrder":false,"preOrderMessage":null,"preOrderStreetDateMessage":null},"price":7.32,"priceInfo":{"linePrice":"$7.32","priceDisplayCondition":null,"unitPrice":"22.9 ¢/oz","minPriceForVariant":null,"priceRangeString":"","subscriptionString":"","linePriceDisplay":"$7.32","eaPricingPreText":""},"usItemId":"10452496","variantList":[],"isVariantTypeSwatch":false,"type":"REGULAR","rating":{"averageRating":3.2,"numberOfReviews":53},"sponsoredProduct":null,"isSponsoredFlag":false,"brand":"Great Value","canonicalUrl":"/ip/Great-Value-Mild-Cheddar-Cheese-32-oz/10452496"},{"canAddToCart":true,"showOptions":false,"badge":null,"badgeGroups":[],"badges":{"flags":null,"labels":[],"tags":[{"key":"PICKUP","text":"Pickup","id":"L1001","rank":null},{"key":"DELIVERY","text":"Delivery","id":"L1002","rank":null}],"groups":[]},"earlyAccessEvent":false,"eventAttributes":{"specialBuy":false,"priceFlip":false},"flag":"","classType":"REGULAR","fulfillmentBadges":["Pickup","Delivery"],"fulfillmentSpeed":null,"fulfillmentType":"STORE","id":"814783251","image":"https://i5.walmartimages.com/seo/Great-Value-Cracker-Cut-Sliced-4-Cheese-Tray-16-oz_b23bdd6a-5482-4fa9-b590-661834d05d9d_1.ea3f8b6b22bd0228aa3a10088784fff7.jpeg","isEarlyAccessItem":false,"isOutOfStock":false,"maxVisibleSwatchCount":4,"name":"Great Value Cracker Cut Sliced 4 Cheese Tray, 16 oz","groupMetaData":null,"itemType":null,"pac":null,"offerId":"5D99E7D286774334942B2E96892E1A8E","sellerId":"F55CDC31AB754BB68FE0B39041159D63","showSubscribe":false,"sellerName":"Walmart.com","salesUnitType":"EACH","weightIncrement":1,"hasSellerBadge":null,"preOrder":{"streetDate":null,"streetDateDisplayable":null,"streetDateType":null,"isPreOrder":false,"preOrderMessage":null,"preOrderStreetDateMessage":null},"price":4.98,"priceInfo":{"linePrice":"$4.98","priceDisplayCondition":null,"unitPrice":"31.1 ¢/oz","minPriceForVariant":null,"priceRangeString":"","subscriptionString":"","linePriceDisplay":"$4.98","eaPricingPreText":""},"usItemId":"814783251","variantList":[],"isVariantTypeSwatch":false,"type":"REGULAR","rating":{"averageRating":3.6,"numberOfReviews":112},"sponsoredProduct":null,"isSponsoredFlag":false,"brand":"Great Value","canonicalUrl":"/ip/Great-Value-Cracker-Cut-Sliced-4-Cheese-Tray-16-oz/814783251"},{"canAddToCart":true,"showOptions":false,"badge":{"id":"L1600","text":"Best seller","key":"BESTSELLER","type":"LABEL","rank":1,"styleId":null},"badgeGroups":[],"badges":{"flags":[{"key":"BESTSELLER","text":"Best seller","type":"LABEL","id":"L1600","rank":1,"styleId":null}],"labels":[],"tags":[{"key":"PICKUP","text":"Pickup","id":"L1001","rank":null},{"key":"DELIVERY","text":"Delivery","id":"L1002","rank":null}],"groups":[]},"earlyAccessEvent":false,"eventAttributes":{"specialBuy":false,"priceFlip":false},"flag":"Best seller","classType":"REGULAR","fulfillmentBadges":["Pickup","Delivery"],"fulfillmentSpeed":null,"fulfillmentType":"STORE","id":"40495518","image":"https://i5.walmartimages.com/seo/Great-Value-Original-Pepperoni-Slices-6-oz_6bfb791e-84a7-48b8-bdf1-7d824c2831a8.b63b7ad403c501a06ac8fcf7db135cc2.jpeg","isEarlyAccessItem":false,"isOutOfStock":false,"maxVisibleSwatchCount":4,"name":"Great Value Original Pepperoni Slices, 6 oz","groupMetaData":null,"itemType":null,"pac":null,"offerId":"CA09E54CDAFA4D66BC02C3CA18FC80D3","sellerId":"F55CDC31AB754BB68FE0B39041159D63","showSubscribe":false,"sellerName":"Walmart.com","salesUnitType":"EACH","weightIncrement":1,"hasSellerBadge":null,"preOrder":{"streetDate":null,"streetDateDisplayable":null,"streetDateType":null,"isPreOrder":false,"preOrderMessage":null,"preOrderStreetDateMessage":null},"price":2.58,"priceInfo":{"linePrice":"$2.58","priceDisplayCondition":null,"unitPrice":"$6.79/lb","minPriceForVariant":null,"priceRangeString":"","subscriptionString":"","linePriceDisplay":"$2.58","eaPricingPreText":""},"usItemId":"40495518","variantList":[],"isVariantTypeSwatch":false,"type":"REGULAR","rating":{"averageRating":0,"numberOfReviews":0},"sponsoredProduct":null,"isSponsoredFlag":false,"brand":"Great Value","canonicalUrl":"/ip/Great-Value-Original-Pepperoni-Slices-6-oz/40495518"},{"canAddToCart":true,"showOptions":false,"badge":null,"badgeGroups":[],"badges":{"flags":null,"labels":[],"tags":[{"key":"PICKUP","text":"Pickup","id":"L1001","rank":null},{"key":"DELIVERY","text":"Delivery","id":"L1002","rank":null}],"groups":[]},"earlyAccessEvent":false,"eventAttributes":{"specialBuy":false,"priceFlip":false},"flag":"","classType":"REGULAR","fulfillmentBadges":["Pickup","Delivery"],"fulfillmentSpeed":null,"fulfillmentType":"STORE","id":"482926313","image":"https://i5.walmartimages.com/seo/Prima-Della-Hard-Salami-Pre-Sliced_1dd26e7d-e983-4e61-81a1-f73717e7e87f.6e120bab9d95e30a36868d91fa5be3e1.jpeg","isEarlyAccessItem":false,"isOutOfStock":false,"maxVisibleSwatchCount":4,"name":"Prima Della Hard Salami, Pre-Sliced","groupMetaData":null,"itemType":null,"pac":null,"offerId":"CBC9FE54A0CA4469920F709A493E5D2B","sellerId":"F55CDC31AB754BB68FE0B39041159D63","showSubscribe":false,"sellerName":"Walmart.com","salesUnitType":"PACK_WEIGHT","weightIncrement":1,"hasSellerBadge":null,"preOrder":{"streetDate":null,"streetDateDisplayable":null,"streetDateType":null,"isPreOrder":false,"preOrderMessage":null,"preOrderStreetDateMessage":null},"price":4.39,"priceInfo":{"linePrice":"$4.39","priceDisplayCondition":" avg price","unitPrice":"54.8 ¢/lb","minPriceForVariant":null,"priceRangeString":"","subscriptionString":"","linePriceDisplay":"$4.39","eaPricingPreText":""},"usItemId":"482926313","variantList":[],"isVariantTypeSwatch":false,"type":"REGULAR","rating":{"averageRating":0,"numberOfReviews":0},"sponsoredProduct":null,"isSponsoredFlag":false,"brand":"Prima Della","canonicalUrl":"/ip/Prima-Della-Hard-Salami-Pre-Sliced/482926313"},{"canAddToCart":true,"showOptions":false,"badge":{"id":"L1600","text":"Best seller","key":"BESTSELLER","type":"LABEL","rank":1,"styleId":null},"badgeGroups":[],"badges":{"flags":[{"key":"BESTSELLER","text":"Best seller","type":"LABEL","id":"L1600","rank":1,"styleId":null}],"labels":[],"tags":[{"key":"PICKUP","text":"Pickup","id":"L1001","rank":null},{"key":"DELIVERY","text":"Delivery","id":"L1002","rank":null}],"groups":[]},"earlyAccessEvent":false,"eventAttributes":{"specialBuy":false,"priceFlip":false},"flag":"Best seller","classType":"REGULAR","fulfillmentBadges":["Pickup","Delivery"],"fulfillmentSpeed":null,"fulfillmentType":"STORE","id":"10315444","image":"https://i5.walmartimages.com/seo/Great-Value-Large-Pitted-Black-Olives-6-oz_9cfdd202-142f-41af-810f-be820c179b4c.87fc95d34b31d777060ba2a53fdf3855.jpeg","isEarlyAccessItem":false,"isOutOfStock":false,"maxVisibleSwatchCount":4,"name":"Great Value Large Pitted Black Olives, 6 oz","groupMetaData":null,"itemType":null,"pac":null,"unsheduled_Delivery_SLA":null,"offerId":"E13063BE10364931A06F5DA32A0970CF","sellerId":"F55CDC31AB754BB68FE0B39041159D63","showSubscribe":false,"sellerName":"Walmart.com","salesUnitType":"EACH","weightIncrement":1,"hasSellerBadge":null,"preOrder":{"streetDate":null,"streetDateDisplayable":null,"streetDateType":null,"isPreOrder":false,"preOrderMessage":null,"preOrderStreetDateMessage":null},"price":1.94,"priceInfo":{"linePrice":"$1.94","priceDisplayCondition":null,"unitPrice":"32.3 ¢/oz","minPriceForVariant":null,"priceRangeString":"","subscriptionString":"","linePriceDisplay":"$1.94","eaPricingPreText":""},"usItemId":"10315444","variantList":[],"isVariantTypeSwatch":false,"type":"REGULAR","rating":{"averageRating":3.7,"numberOfReviews":221},"sponsoredProduct":null,"isSponsoredFlag":false,"brand":"Great Value","canonicalUrl":"/ip/Great-Value-Large-Pitted-Black-Olives-6-oz/10315444"},{"canAddToCart":true,"showOptions":false,"badge":{"id":"L1600","text":"Best seller","key":"BESTSELLER","type":"LABEL","rank":1,"styleId":null},"badgeGroups":[],"badges":{"flags":[{"key":"BESTSELLER","text":"Best seller","type":"LABEL","id":"L1600","rank":1,"styleId":null}],"labels":[],"tags":[{"key":"PICKUP","text":"Pickup","id":"L1001","rank":null},{"key":"DELIVERY","text":"Delivery","id":"L1002","rank":null},{"key":"ONE_DAY_SHIPPING","text":"1-day shipping","id":"L1003","rank":null}],"groups":[]},"earlyAccessEvent":false,"eventAttributes":{"specialBuy":false,"priceFlip":false},"flag":"Best seller","classType":"REGULAR","fulfillmentBadges":["Pickup","Delivery","1-day shipping"],"fulfillmentSpeed":null,"fulfillmentType":"FC","id":"341961600","image":"https://i5.walmartimages.com/seo/Freshness-Guaranteed-Dark-Chocolate-Almonds-12-5-oz_1573c306-cdf3-40cf-aa63-dda9f2e357de.c8455a34cc3eeb3cc81571594882a535.jpeg","isEarlyAccessItem":false,"isOutOfStock":false,"maxVisibleSwatchCount":4,"name":"Freshness Guaranteed Dark Chocolate Almonds, 12.5 oz","groupMetaData":null,"itemType":null,"pac":null,"unsheduled_Delivery_SLA":null,"offerId":"621B078062A140ABA778EFD620C2D10F","sellerId":"F55CDC31AB754BB68FE0B39041159D63","showSubscribe":false,"sellerName":"Walmart.com","salesUnitType":"EACH","weightIncrement":1,"hasSellerBadge":null,"preOrder":{"streetDate":null,"streetDateDisplayable":null,"streetDateType":null,"isPreOrder":false,"preOrderMessage":null,"preOrderStreetDateMessage":null},"price":5.98,"priceInfo":{"linePrice":"$5.98","priceDisplayCondition":null,"unitPrice":"47.8 ¢/oz","minPriceForVariant":null,"priceRangeString":"","subscriptionString":"","linePriceDisplay":"$5.98","eaPricingPreText":""},"usItemId":"341961600","variantList":[],"isVariantTypeSwatch":false,"type":"REGULAR","rating":{"averageRating":3.8,"numberOfReviews":79},"sponsoredProduct":null,"isSponsoredFlag":false,"brand":"Freshness Guaranteed","canonicalUrl":"/ip/Freshness-Guaranteed-Dark-Chocolate-Almonds-12-5-oz/341961600"},{"canAddToCart":true,"showOptions":false,"badge":{"id":"L1600","text":"Best seller","key":"BESTSELLER","type":"LABEL","rank":1,"styleId":null},"badgeGroups":[],"badges":{"flags":[{"key":"BESTSELLER","text":"Best seller","type":"LABEL","id":"L1600","rank":1,"styleId":null}],"labels":[],"tags":[{"key":"PICKUP","text":"Pickup","id":"L1001","rank":null},{"key":"DELIVERY","text":"Delivery","id":"L1002","rank":null}],"groups":[]},"earlyAccessEvent":false,"eventAttributes":{"specialBuy":false,"priceFlip":false},"flag":"Best seller","classType":"REGULAR","fulfillmentBadges":["Pickup","Delivery"],"fulfillmentSpeed":null,"fulfillmentType":"STORE","id":"10452510","image":"https://i5.walmartimages.com/seo/Great-Value-Cubed-Colby-Monterey-Jack-Cheese-8-oz-Bag-Plastic-Packaging_369e6943-529b-4e71-bfdc-e576d4f0b2fe.ace66b6a449b3cdf5cf11e79e8a72957.jpeg","isEarlyAccessItem":false,"isOutOfStock":false,"maxVisibleSwatchCount":4,"name":"Great Value Cubed Colby \u0026 Monterey Jack Cheese, 8 oz Bag (Plastic Packaging)","groupMetaData":null,"itemType":null,"pac":null,"offerId":"BB0F22CC1AFB4AD39AA6A17958F5B47B","sellerId":"F55CDC31AB754BB68FE0B39041159D63","showSubscribe":false,"sellerName":"Walmart.com","salesUnitType":"EACH","weightIncrement":1,"hasSellerBadge":null,"preOrder":{"streetDate":null,"streetDateDisplayable":null,"streetDateType":null,"isPreOrder":false,"preOrderMessage":null,"preOrderStreetDateMessage":null},"price":2.37,"priceInfo":{"linePrice":"$2.37","priceDisplayCondition":null,"unitPrice":"29.6 ¢/oz","minPriceForVariant":null,"priceRangeString":"","subscriptionString":"","linePriceDisplay":"$2.37","eaPricingPreText":""},"usItemId":"10452510","variantList":[],"isVariantTypeSwatch":false,"type":"REGULAR","rating":{"averageRating":3.2,"numberOfReviews":127},"sponsoredProduct":null,"isSponsoredFlag":false,"brand":"Great Value","canonicalUrl":"/ip/Great-Value-Cubed-Colby-Monterey-Jack-Cheese-8-oz-Bag-Plastic-Packaging/10452510"},{"canAddToCart":true,"showOptions":false,"badge":{"id":"L1600","text":"Best seller","key":"BESTSELLER","type":"LABEL","rank":1,"styleId":null},"badgeGroups":[],"badges":{"flags":[{"key":"BESTSELLER","text":"Best seller","type":"LABEL","id":"L1600","rank":1,"styleId":null}],"labels":[],"tags":[{"key":"PICKUP","text":"Pickup","id":"L1001","rank":null},{"key":"DELIVERY","text":"Delivery","id":"L1002","rank":null}],"groups":[]},"earlyAccessEvent":false,"eventAttributes":{"specialBuy":false,"priceFlip":false},"flag":"Best seller","classType":"REGULAR","fulfillmentBadges":["Pickup","Delivery"],"fulfillmentSpeed":null,"fulfillmentType":"STORE","id":"52196662","image":"https://i5.walmartimages.com/seo/Marketside-French-Baguette-Bread-Bake-at-Home-10oz-Bag_5f59480c-afa2-49e3-b435-de20f8f442f3.96ba6515cbf48ca81a51d12b2febb01b.jpeg","isEarlyAccessItem":false,"isOutOfStock":false,"maxVisibleSwatchCount":4,"name":"Marketside French Baguette Bread, Bake at Home, 10oz, Bag","groupMetaData":null,"itemType":null,"pac":null,"offerId":"D475337ED2574A3FBF7D7B81A1D9F7AA","sellerId":"F55CDC31AB754BB68FE0B39041159D63","showSubscribe":false,"sellerName":"Walmart.com","salesUnitType":"EACH","weightIncrement":1,"hasSellerBadge":null,"preOrder":{"streetDate":null,"streetDateDisplayable":null,"streetDateType":null,"isPreOrder":false,"preOrderMessage":null,"preOrderStreetDateMessage":null},"price":1.97,"priceInfo":{"linePrice":"$1.97","priceDisplayCondition":null,"unitPrice":"19.7 ¢/oz","minPriceForVariant":null,"priceRangeString":"","subscriptionString":"","linePriceDisplay":"$1.97","eaPricingPreText":""},"usItemId":"52196662","variantList":[],"isVariantTypeSwatch":false,"type":"REGULAR","rating":{"averageRating":2.5,"numberOfReviews":263},"sponsoredProduct":null,"isSponsoredFlag":false,"brand":"Marketside","canonicalUrl":"/ip/Marketside-French-Baguette-Bread-Bake-at-Home-10oz-Bag/52196662"},{"canAddToCart":true,"showOptions":false,"badge":null,"badgeGroups":[],"badges":{"flags":null,"labels":[],"tags":[{"key":"PICKUP","text":"Pickup","id":"L1001","rank":null},{"key":"DELIVERY","text":"Delivery","id":"L1002","rank":null}],"groups":[]},"earlyAccessEvent":false,"eventAttributes":{"specialBuy":false,"priceFlip":false},"flag":"","classType":"REGULAR","fulfillmentBadges":["Pickup","Delivery"],"fulfillmentSpeed":null,"fulfillmentType":"STORE","id":"3322570808","image":"https://i5.walmartimages.com/seo/Great-Value-Sliced-Hard-Salami-6oz-Ready-to-Eat_eeef9e3b-d986-4cda-84c4-4ffd239249a6.80c2ff6f09be230d4b6722ee6d124501.jpeg","isEarlyAccessItem":false,"isOutOfStock":false,"maxVisibleSwatchCount":4,"name":"Great Value Sliced Hard Salami 6oz Ready to Eat","groupMetaData":null,"itemType":null,"pac":null,"offerId":"242FF23AFF304144A7850839375F5D4F","sellerId":"F55CDC31AB754BB68FE0B39041159D63","showSubscribe":false,"sellerName":"Walmart.com","salesUnitType":"EACH","weightIncrement":1,"hasSellerBadge":null,"preOrder":{"streetDate":null,"streetDateDisplayable":null,"streetDateType":null,"isPreOrder":false,"preOrderMessage":null,"preOrderStreetDateMessage":null},"price":2.58,"priceInfo":{"linePrice":"$2.58","priceDisplayCondition":null,"unitPrice":"43.0 ¢/lb","minPriceForVariant":null,"priceRangeString":"","subscriptionString":"","linePriceDisplay":"$2.58","eaPricingPreText":""},"usItemId":"3322570808","variantList":[],"isVariantTypeSwatch":false,"type":"REGULAR","rating":{"averageRating":0,"numberOfReviews":0},"sponsoredProduct":null,"isSponsoredFlag":false,"brand":"Great Value","canonicalUrl":"/ip/Great-Value-Sliced-Hard-Salami-6oz-Ready-to-Eat/3322570808"}]}},"publishedDate":1701266692921,"moduleId":"7bcc892e-3d71-4b4d-a769-7d0be2b43078","module_id":"7bcc892e-3d71-4b4d-a769-7d0be2b43078","matchedTrigger":{"pageType":"ContentPage","pageId":"4740967","zone":"contentZone15","inheritable":false}},{"name":"Ship to home gifts Itemcarousel","type":"ItemCarousel","version":3,"status":"published","schedule":{"start":null,"end":null,"priority":1,"expEnabled":false},"triggers":[{"pageType":"ContentPage","pageId":"4740967","zone":"contentZone9","inheritable":false}],"configs":{"__typename":"TempoWM_GLASSWWWItemCarouselConfigsV1","type":null,"title":"Ship to home gifts","subTitle":null,"viewAllLink":null,"spBeaconInfo":null,"tileOptions":null,"productsConfig":{"products":[{"canAddToCart":true,"showOptions":false,"badge":null,"badgeGroups":[],"badges":{"flags":null,"labels":[],"tags":[{"key":"THREE_PLUS_DAY_SHIPPING","text":"3+ day shipping","id":"L1005","rank":null}],"groups":[]},"earlyAccessEvent":false,"eventAttributes":{"specialBuy":false,"priceFlip":false},"flag":"","classType":"REGULAR","fulfillmentBadges":["3+ day shipping"],"fulfillmentSpeed":null,"fulfillmentType":"MARKETPLACE","id":"1598754759","image":"https://i5.walmartimages.com/asr/1acc4aa5-7c4e-4281-8a87-dcba935fb25d.dc646e47463d28600acd69dc36de900a.jpeg","isEarlyAccessItem":false,"isOutOfStock":false,"maxVisibleSwatchCount":4,"name":"The Wisconsin Cheeseman Cheese and Sausage Combo - Featuring Colby, Brick, Sharp Cheddar, and Monterey Jack Cheese Bars, Italian, Original, Garlic Summer Sausages, Premium Gift for Charcuterie Boards","groupMetaData":null,"itemType":null,"pac":null,"unsheduled_Delivery_SLA":null,"offerId":"3C1F517B440E48DBA51C3C4C9484E0EC","sellerId":"144A9BB3B8564285B858E75F825D8367","showSubscribe":false,"sellerName":null,"salesUnitType":"EACH","weightIncrement":1,"hasSellerBadge":null,"preOrder":{"streetDate":null,"streetDateDisplayable":null,"streetDateType":null,"isPreOrder":false,"preOrderMessage":null,"preOrderStreetDateMessage":null},"price":39.99,"priceInfo":{"linePrice":"$39.99","priceDisplayCondition":null,"priceRangeString":"","subscriptionString":"","linePriceDisplay":"$39.99","eaPricingPreText":""},"usItemId":"1598754759","variantList":[],"isVariantTypeSwatch":false,"type":"REGULAR","rating":{"averageRating":4.5,"numberOfReviews":207},"sponsoredProduct":null,"isSponsoredFlag":false,"brand":"The Swiss Colony","canonicalUrl":"/ip/The-Wisconsin-Cheeseman-Cheese-Sausage-Combo-Featuring-Colby-Brick-Sharp-Cheddar-Monterey-Jack-Bars-Italian-Original-Garlic-Summer-Sausages-Premium-G/1598754759?athcpid=1598754759\u0026athpgid=AthenaContentPage_4740967\u0026athcgid=null\u0026athznid=ItemCarousel_3a9d8981-0683-454c-9062-4c2ca6bc41aa_items\u0026athieid=v0\u0026athstid=CS020\u0026athguid=s-SwGJlwQKwJx4-cn3aD3PFfAgOp1Vtd9RFT\u0026athancid=null\u0026athena=true"},{"canAddToCart":true,"showOptions":false,"badge":null,"badgeGroups":[],"badges":{"flags":null,"labels":[],"tags":[{"key":"THREE_PLUS_DAY_SHIPPING","text":"3+ day shipping","id":"L1005","rank":null}],"groups":[]},"earlyAccessEvent":false,"eventAttributes":{"specialBuy":false,"priceFlip":false},"flag":"","classType":"VARIANT","fulfillmentBadges":["3+ day shipping"],"fulfillmentSpeed":null,"fulfillmentType":"MARKETPLACE","id":"1977667340","image":"https://i5.walmartimages.com/seo/The-Swiss-Colony-Wild-Game-Meat-Sticks_0eb12e5c-81f9-4342-b965-cd798c92f85b.8efb082e24be6fafee7a1d571f6c6b96.jpeg","isEarlyAccessItem":false,"isOutOfStock":false,"maxVisibleSwatchCount":4,"name":"The Swiss Colony Wild Game Meat Sticks","groupMetaData":null,"itemType":null,"pac":null,"unsheduled_Delivery_SLA":null,"offerId":"59D3E616803944DCA5B149BAC584902F","sellerId":"144A9BB3B8564285B858E75F825D8367","showSubscribe":false,"sellerName":null,"salesUnitType":"EACH","weightIncrement":1,"hasSellerBadge":null,"preOrder":{"streetDate":null,"streetDateDisplayable":null,"streetDateType":null,"isPreOrder":false,"preOrderMessage":null,"preOrderStreetDateMessage":null},"price":39.99,"priceInfo":{"linePrice":"$39.99","priceDisplayCondition":null,"priceRangeString":"","subscriptionString":"","linePriceDisplay":"$39.99","eaPricingPreText":""},"usItemId":"1977667340","variantList":[null,null],"isVariantTypeSwatch":false,"type":"VARIANT","rating":{"averageRating":4.5,"numberOfReviews":504},"sponsoredProduct":null,"isSponsoredFlag":false,"brand":"The Swiss Colony","canonicalUrl":"/ip/The-Swiss-Colony-Wild-Game-Meat-Sticks/1977667340?athcpid=1977667340\u0026athpgid=AthenaContentPage_4740967\u0026athcgid=null\u0026athznid=ItemCarousel_3a9d8981-0683-454c-9062-4c2ca6bc41aa_items\u0026athieid=v0\u0026athstid=CS020\u0026athguid=s-SwGJlwQKwJx4-cn3aD3PFfAgOp1Vtd9RFT\u0026athancid=null\u0026athena=true"},{"canAddToCart":true,"showOptions":false,"badge":null,"badgeGroups":[],"badges":{"flags":null,"labels":[],"tags":[{"key":"THREE_PLUS_DAY_SHIPPING","text":"3+ day shipping","id":"L1005","rank":null}],"groups":[]},"earlyAccessEvent":false,"eventAttributes":{"specialBuy":false,"priceFlip":false},"flag":"","classType":"REGULAR","fulfillmentBadges":["3+ day shipping"],"fulfillmentSpeed":null,"fulfillmentType":"MARKETPLACE","id":"800618363","image":"https://i5.walmartimages.com/asr/5e340cb2-6414-4cf0-897c-623527b4da17.04d3cfccc8326e8fec2f3272583ad31c.jpeg","isEarlyAccessItem":false,"isOutOfStock":false,"maxVisibleSwatchCount":4,"name":"Gourmet Meat \u0026 Cheese Sampler with Crackers and Dip by GourmetGiftBaskets.com","groupMetaData":null,"itemType":null,"pac":null,"unsheduled_Delivery_SLA":null,"offerId":"5D15BD1B4A414BC9AC9E54249FED0BF2","sellerId":"6A1589CDE7DC4DCEAF2A011B7016B1BA","showSubscribe":false,"sellerName":null,"salesUnitType":"EACH","weightIncrement":1,"hasSellerBadge":null,"preOrder":{"streetDate":null,"streetDateDisplayable":null,"streetDateType":null,"isPreOrder":false,"preOrderMessage":null,"preOrderStreetDateMessage":null},"price":50.98,"priceInfo":{"linePrice":"$50.98","priceDisplayCondition":null,"priceRangeString":"","subscriptionString":"","linePriceDisplay":"$50.98","eaPricingPreText":""},"usItemId":"800618363","variantList":[],"isVariantTypeSwatch":false,"type":"REGULAR","rating":{"averageRating":4.9,"numberOfReviews":97},"sponsoredProduct":null,"isSponsoredFlag":false,"brand":"Gourmet Gift Baskets","canonicalUrl":"/ip/Gourmet-Meat-Cheese-Sampler-with-Crackers-and-Dip-by-GourmetGiftBaskets-com/800618363?athcpid=800618363\u0026athpgid=AthenaContentPage_4740967\u0026athcgid=null\u0026athznid=ItemCarousel_3a9d8981-0683-454c-9062-4c2ca6bc41aa_items\u0026athieid=v0\u0026athstid=CS020\u0026athguid=s-SwGJlwQKwJx4-cn3aD3PFfAgOp1Vtd9RFT\u0026athancid=null\u0026athena=true"},{"canAddToCart":false,"showOptions":true,"badge":null,"badgeGroups":[],"badges":{"flags":null,"labels":[],"tags":[{"key":"TWO_DAY_SHIPPING","text":"2-day shipping","id":"L1004","rank":null}],"groups":[]},"earlyAccessEvent":false,"eventAttributes":{"specialBuy":false,"priceFlip":false},"flag":"","classType":"BVSHELL","fulfillmentBadges":["2-day shipping"],"fulfillmentSpeed":null,"fulfillmentType":"MARKETPLACE","id":"149615479","image":"https://i5.walmartimages.com/seo/igourmet-French-Raclette-Cheese-2-5-lb-Cut-2-5-pound_9d7eaa73-1482-4f0e-bf31-cc7a102c816c.6e2578ffe198aa6fb31a73532e1e9c65.jpeg","isEarlyAccessItem":false,"isOutOfStock":false,"maxVisibleSwatchCount":4,"name":"igourmet French Raclette Cheese - 2.5 lb Cut (2.5 pound)","groupMetaData":null,"itemType":null,"pac":null,"unsheduled_Delivery_SLA":null,"offerId":"B8589E6B1D1F4C179EA0D9012EB7AFEE","sellerId":"81A66132B88E4C6494F47F05ABFBC2FE","showSubscribe":false,"sellerName":null,"salesUnitType":"EACH","weightIncrement":1,"hasSellerBadge":null,"preOrder":{"streetDate":null,"streetDateDisplayable":null,"streetDateType":null,"isPreOrder":false,"preOrderMessage":null,"preOrderStreetDateMessage":null},"price":83.99,"priceInfo":{"linePrice":"$83.99","priceDisplayCondition":null,"minPriceForVariant":"","priceRangeString":"Options from $83.99 – $204.99","subscriptionString":"","linePriceDisplay":"$83.99","eaPricingPreText":""},"usItemId":"149615479","variantList":[null,null,null,null,null,null,null,null,null,null,null,null,null],"isVariantTypeSwatch":false,"type":"BVSHELL","rating":{"averageRating":5,"numberOfReviews":8},"sponsoredProduct":null,"isSponsoredFlag":false,"brand":"Igourmet","canonicalUrl":"/ip/igourmet-French-Raclette-Cheese-2-5-lb-Cut-2-5-pound/149615479?athcpid=149615479\u0026athpgid=AthenaContentPage_4740967\u0026athcgid=null\u0026athznid=ItemCarousel_3a9d8981-0683-454c-9062-4c2ca6bc41aa_items\u0026athieid=v0\u0026athstid=CS020\u0026athguid=s-SwGJlwQKwJx4-cn3aD3PFfAgOp1Vtd9RFT\u0026athancid=null\u0026athena=true"},{"canAddToCart":true,"showOptions":false,"badge":null,"badgeGroups":[],"badges":{"flags":null,"labels":[],"tags":[{"key":"TWO_DAY_SHIPPING","text":"2-day shipping","id":"L1004","rank":null}],"groups":[]},"earlyAccessEvent":false,"eventAttributes":{"specialBuy":false,"priceFlip":false},"flag":"","classType":"REGULAR","fulfillmentBadges":["2-day shipping"],"fulfillmentSpeed":null,"fulfillmentType":"MARKETPLACE","id":"102196624","image":"https://i5.walmartimages.com/asr/e29a961a-291a-4d0f-9257-1e7267714fde.6d46fdb5045501894ecb948b479ecb35.jpeg","isEarlyAccessItem":false,"isOutOfStock":false,"maxVisibleSwatchCount":4,"name":"igourmet The Best of Spain Assortment - Includes: Gourmet Spanish Ham, Manchego Cheese, Drunken Goat Cheese, Mahon Cheese, Spanish Olives, Chocolates, Chorizo, and Quince Paste (Membrillo)","groupMetaData":null,"itemType":null,"pac":null,"unsheduled_Delivery_SLA":null,"offerId":"0C7A1E54B3444814BD341FC715EA8B96","sellerId":"81A66132B88E4C6494F47F05ABFBC2FE","showSubscribe":false,"sellerName":null,"salesUnitType":"EACH","weightIncrement":1,"hasSellerBadge":null,"preOrder":{"streetDate":null,"streetDateDisplayable":null,"streetDateType":null,"isPreOrder":false,"preOrderMessage":null,"preOrderStreetDateMessage":null},"price":104.98,"priceInfo":{"linePrice":"$104.98","priceDisplayCondition":null,"priceRangeString":"","subscriptionString":"","linePriceDisplay":"$104.98","eaPricingPreText":""},"usItemId":"102196624","variantList":[],"isVariantTypeSwatch":false,"type":"REGULAR","rating":{"averageRating":4.7,"numberOfReviews":22},"sponsoredProduct":null,"isSponsoredFlag":false,"brand":"Igourmet","canonicalUrl":"/ip/igourmet-The-Best-Spain-Assortment-Includes-Gourmet-Spanish-Ham-Manchego-Cheese-Drunken-Goat-Mahon-Olives-Chocolates-Chorizo-Quince-Paste-Membrillo/102196624?athcpid=102196624\u0026athpgid=AthenaContentPage_4740967\u0026athcgid=null\u0026athznid=ItemCarousel_3a9d8981-0683-454c-9062-4c2ca6bc41aa_items\u0026athieid=v0\u0026athstid=CS020\u0026athguid=s-SwGJlwQKwJx4-cn3aD3PFfAgOp1Vtd9RFT\u0026athancid=null\u0026athena=true"},{"canAddToCart":true,"showOptions":false,"badge":null,"badgeGroups":[],"badges":{"flags":null,"labels":[],"tags":[{"key":"TWO_DAY_SHIPPING","text":"2-day shipping","id":"L1004","rank":null}],"groups":[]},"earlyAccessEvent":false,"eventAttributes":{"specialBuy":false,"priceFlip":false},"flag":"","classType":"REGULAR","fulfillmentBadges":["2-day shipping"],"fulfillmentSpeed":null,"fulfillmentType":"MARKETPLACE","id":"901612977","image":"https://i5.walmartimages.com/asr/5a77f259-213b-4b97-a449-f96e211d8249.22fa822b016cc5e4f2ab93ba29aa32ed.jpeg","isEarlyAccessItem":false,"isOutOfStock":false,"maxVisibleSwatchCount":4,"name":"igourmet The Best of Europe Cheese Assortment (2 pound) - Finest Gourmet European Cheeses - A Variety Of French Cheese, English Cheese, Italian Cheese, and Spanish Cheese","groupMetaData":null,"itemType":null,"pac":null,"unsheduled_Delivery_SLA":null,"offerId":"841123D490424B78B370AC4C097D22D2","sellerId":"81A66132B88E4C6494F47F05ABFBC2FE","showSubscribe":false,"sellerName":null,"salesUnitType":"EACH","weightIncrement":1,"hasSellerBadge":null,"preOrder":{"streetDate":null,"streetDateDisplayable":null,"streetDateType":null,"isPreOrder":false,"preOrderMessage":null,"preOrderStreetDateMessage":null},"price":89.99,"priceInfo":{"linePrice":"$89.99","priceDisplayCondition":null,"priceRangeString":"","subscriptionString":"","linePriceDisplay":"$89.99","eaPricingPreText":""},"usItemId":"901612977","variantList":[],"isVariantTypeSwatch":false,"type":"REGULAR","rating":{"averageRating":4.9,"numberOfReviews":20},"sponsoredProduct":null,"isSponsoredFlag":false,"brand":"Igourmet","canonicalUrl":"/ip/igourmet-The-Best-Europe-Cheese-Assortment-2-pound-Finest-Gourmet-European-Cheeses-A-Variety-Of-French-Cheese-English-Italian-Spanish/901612977?athcpid=901612977\u0026athpgid=AthenaContentPage_4740967\u0026athcgid=null\u0026athznid=ItemCarousel_3a9d8981-0683-454c-9062-4c2ca6bc41aa_items\u0026athieid=v0\u0026athstid=CS020\u0026athguid=s-SwGJlwQKwJx4-cn3aD3PFfAgOp1Vtd9RFT\u0026athancid=null\u0026athena=true"}]}},"publishedDate":1699993600300,"moduleId":"3a9d8981-0683-454c-9062-4c2ca6bc41aa","module_id":"3a9d8981-0683-454c-9062-4c2ca6bc41aa","matchedTrigger":{"pageType":"ContentPage","pageId":"4740967","zone":"contentZone9","inheritable":false}},{"name":"GenericCopyBlock Module, Tuesday, June 14, 2022, 10:28:26:97 pm","type":"GenericCopyBlock","version":2,"status":"published","schedule":{"start":null,"end":null,"priority":10,"expEnabled":false},"triggers":[{"pageType":"ContentPageGlobal","pageId":"global_evergreen","zone":"bottomZone5","inheritable":false}],"configs":{"__typename":"TempoWM_GLASSWWWGenericCopyBlockConfigs","catCopyBlock":"\u003ch2\u003eWhat are some typical items you put on a charcuterie board?\u003c/h2\u003e\u003cp\u003eCharcuterie is a fancy French word for a meat and cheese platter, except the items are placed on a flat wooden board. Fill your board with sliced cured meats, cheeses, and fruits and veggies like grapes, strawberries, carrot sticks, and sliced peppers that you can pick up with your fingers. Add some crackers, dips, cornichons, and olives for a scrumptious blend of goodies.\u003c/p\u003e\u003ch2\u003eWhat are the best cheeses for a charcuterie board?\u003c/h2\u003e\u003cp\u003eFor varying flavors, offer at least one soft cheese like brie, one hard cheese like Manchego, a semi-hard cheese like smoked gouda, and a blue cheese like stilton or blue jack. For pickier eaters, add a classic cheese like cheddar, Swiss, or mozzarella. To find the best cheeses for charcuterie, shop in the deli section of your store.\u003c/p\u003e\u003ch2\u003eWhat are some tips for arranging charcuterie?\u003c/h2\u003e\u003cp\u003eWhen arranging charcuterie, use a large board with a handle for easy carrying. Start by placing any small bowls or jars you have filled with dips, jams, nuts, or other items. Add your cheeses in several areas around the board, making room for slicing if needed. Place meats in small piles next to the cheeses. Then, add two or three handfuls of crackers or sliced bread, and fill open spaces with fruits, veggies, and sprigs of fresh herbs.\u003c/p\u003e"},"publishedDate":1700688907491,"moduleId":"6c35fd37-03b4-4fa8-abd4-d1c4bde13f05","module_id":"6c35fd37-03b4-4fa8-abd4-d1c4bde13f05","matchedTrigger":{"pageType":"ContentPageGlobal","pageId":"global_evergreen","zone":"bottomZone5","inheritable":false}},{"name":"NEW CategoryRelatedShelves Thu Oct 12 2023 10:36 AM PDT","type":"CategoryRelatedShelves","version":4,"status":"published","schedule":{"start":null,"end":null,"priority":10,"expEnabled":false},"triggers":[{"pageType":"ContentPageGlobal","pageId":"global_evergreen","zone":"bottomZone4","inheritable":false}],"configs":{"__typename":"TempoWM_GLASSWWWCategoryRelatedShelves","seoCategoryRelmData":{"relm":[{"id":"2085445","url":"/browse/food/charcuterie/976759_976789_4740967_2085445","name":"Charcuterie"},{"id":"2354781","url":"/browse/food/charcuterie-meats/976759_976789_4740967_2354781","name":"Charcuterie Meats"},{"id":"6461335","url":"/browse/food/fruit-charcuterie-board/976759_976789_4740967_6461335","name":"Fruit Charcuterie Board"},{"id":"7502056","url":"/browse/food/charcuterie-snack-trays/976759_1567409_8808777_7502056","name":"Charcuterie \u0026 Snack Trays"},{"id":"8475666","url":"/browse/food/party-trays/976759_976789_4740967_6993020_8475666","name":"Party Trays"},{"id":"9395792","url":"/browse/home/charcuterie-cheese-boards/4044_623679_639999_2347672_9395792","name":"Charcuterie \u0026 Cheese Boards"},{"id":"charcuterie-board-gift","url":"/c/kp/charcuterie-board-gift","name":"Charcuterie Board Gift"},{"id":"food-boards","url":"/c/kp/food-boards","name":"Food Boards"},{"id":"funny-cheese-board","url":"/c/kp/funny-cheese-board","name":"Funny Cheese Board"},{"id":"funny-cheese-board-sayings","url":"/c/kp/funny-cheese-board-sayings","name":"Funny Cheese Board Sayings"},{"id":"heart-cheese-board","url":"/c/kp/heart-cheese-board","name":"Heart Cheese Board"},{"id":"wine-cheese-and-meat-board","url":"/c/kp/wine-cheese-and-meat-board","name":"Wine Cheese And Meat Board"}]}},"publishedDate":1698363869026,"moduleId":"6895b2cc-0ece-4631-b0c5-e1d2390c024b","module_id":"6895b2cc-0ece-4631-b0c5-e1d2390c024b","matchedTrigger":{"pageType":"ContentPageGlobal","pageId":"global_evergreen","zone":"bottomZone4","inheritable":false}},{"name":"NEW GenericSEOFAQModule Thu Oct 05 2023 9:50 PM PDT","type":"GenericSEOFAQModule","version":8,"status":"published","schedule":{"start":null,"end":null,"priority":10,"expEnabled":false},"triggers":[{"pageType":"ContentPage","pageId":"9874843","zone":"bottomZone4","inheritable":false},{"pageType":"ContentPageGlobal","pageId":"global_evergreen","zone":"bottomZone3","inheritable":false},{"pageType":"BrowsePage","pageId":"global_evergreen","zone":"bottomZone5","inheritable":false},{"pageType":"BrowsePageByCategory","pageId":"4757760","zone":"bottomZone5","inheritable":false}],"configs":{"__typename":"TempoWM_GLASSWWWGenericSEOFAQModuleConfigs","seoFaqList":null},"publishedDate":1700089590849,"moduleId":"b7ae9d11-2a1f-49c4-8ee7-10f2e7794a4c","module_id":"b7ae9d11-2a1f-49c4-8ee7-10f2e7794a4c","matchedTrigger":{"pageType":"ContentPageGlobal","pageId":"global_evergreen","zone":"bottomZone3","inheritable":false}}],"layouts":[{"id":"pageSplitResponsive","layout":{"type":"pageSplitResponsive","name":"Responsive Layout with LHN \u0026 Top Nav","definition":{"type":"container","flow":"vertical","content":[{"flow":"horizontal","type":"container","style":{"customStyles":"mh0"},"content":{"id":"topContent","type":"slot","mapping":[{"type":"ZONE","options":{"refId":"topZone1"}},{"type":"ZONE","options":{"refId":"topZone2"}},{"type":"ZONE","options":{"refId":"topZone3"}},{"type":"ZONE","options":{"refId":"topZone4"}},{"type":"ZONE","options":{"refId":"topZone5"}}]}},{"flow":"horizontal","type":"container","style":{"customStyles":"mh0"},"content":[{"flow":"vertical","type":"container","style":{"gridColumns":12,"customStyles":"nl2 nr2","lgGridColumns":3},"content":{"id":"leftContent","type":"slot","mapping":[{"type":"ZONE","options":{"refId":"leftZone1"}},{"type":"ZONE","options":{"refId":"leftZone2"}},{"type":"ZONE","options":{"refId":"leftZone3"}},{"type":"ZONE","options":{"refId":"leftZone4"}},{"type":"ZONE","options":{"refId":"leftZone5"}}]}},{"flow":"vertical","type":"container","style":{"gridColumns":12,"customStyles":"nl2 nr2 ph3-l ph4-xl nl3-xl","lgGridColumns":9},"content":{"id":"centerContent","type":"slot","mapping":[{"type":"ZONE","options":{"refId":"contentZone1"}},{"type":"ZONE","options":{"refId":"contentZone2"}},{"type":"ZONE","options":{"refId":"contentZone3"}},{"type":"ZONE","options":{"refId":"contentZone4"}},{"type":"ZONE","options":{"refId":"contentZone5"}},{"type":"ZONE","options":{"refId":"contentZone6"}},{"type":"ZONE","options":{"refId":"contentZone7"}},{"type":"ZONE","options":{"refId":"contentZone8"}},{"type":"EXTERNAL","options":{"refId":"atfMarker","tempoLabel":"ATF Marker","displayInTempo":true}},{"type":"ZONE","options":{"refId":"contentZone9"}},{"type":"ZONE","options":{"refId":"contentZone10"}},{"type":"ZONE","options":{"refId":"contentZone11"}},{"type":"ZONE","options":{"refId":"contentZone12"}},{"type":"ZONE","options":{"refId":"contentZone13"}},{"type":"ZONE","options":{"refId":"contentZone14"}},{"type":"ZONE","options":{"refId":"contentZone15"}},{"type":"ZONE","options":{"refId":"contentZone16"}},{"type":"ZONE","options":{"refId":"contentZone17"}},{"type":"ZONE","options":{"refId":"contentZone18"}},{"type":"ZONE","options":{"refId":"contentZone19"}},{"type":"ZONE","options":{"refId":"contentZone20"}},{"type":"ZONE","options":{"refId":"contentZone21"}},{"type":"ZONE","options":{"refId":"contentZone22"}},{"type":"ZONE","options":{"refId":"contentZone23"}},{"type":"ZONE","options":{"refId":"contentZone24"}},{"type":"ZONE","options":{"refId":"contentZone25"}},{"type":"ZONE","options":{"refId":"contentZone26"}},{"type":"ZONE","options":{"refId":"contentZone27"}},{"type":"ZONE","options":{"refId":"contentZone28"}},{"type":"ZONE","options":{"refId":"contentZone29"}},{"type":"ZONE","options":{"refId":"contentZone30"}}]}}]},{"flow":"horizontal","type":"container","style":{"customStyles":"mh0"},"content":{"id":"bottomContent","type":"slot","mapping":[{"type":"ZONE","options":{"refId":"bottomZone1"}},{"type":"ZONE","options":{"refId":"bottomZone2"}},{"type":"ZONE","options":{"refId":"bottomZone3"}},{"type":"ZONE","options":{"refId":"bottomZone4"}},{"type":"ZONE","options":{"refId":"bottomZone5"}}]}}]},"channel":{"id":"87674fe3-1742-4650-8e11-8d0c6acfe836","status":"ACTIVE"},"status":"ACTIVE","version":"1.279-SNAPSHOT 1702532823994 jenkinspan"}},{"id":"contentPageSplitDesktop","layout":{"type":"contentPageSplitDesktop","name":"Content Page - Desktop with LHN \u0026 Top Nav","definition":{"type":"container","flow":"vertical","content":[{"flow":"horizontal","type":"container","content":{"id":"topContent","type":"slot","mapping":[{"type":"ZONE","options":{"refId":"topZone1"}},{"type":"ZONE","options":{"refId":"topZone2"}},{"type":"ZONE","options":{"refId":"topZone3"}},{"type":"ZONE","options":{"refId":"topZone4"}},{"type":"ZONE","options":{"refId":"topZone5"}}]}},{"flow":"horizontal","type":"container","content":[{"flow":"vertical","type":"container","style":{"gridColumns":3},"content":{"id":"leftContent","type":"slot","mapping":[{"type":"ZONE","options":{"refId":"leftZone1"}},{"type":"ZONE","options":{"refId":"leftZone2"}},{"type":"ZONE","options":{"refId":"leftZone3"}},{"type":"ZONE","options":{"refId":"leftZone4"}},{"type":"ZONE","options":{"refId":"leftZone5"}}]}},{"flow":"vertical","type":"container","style":{"gridColumns":9},"content":{"id":"centerContent","type":"slot","mapping":[{"type":"ZONE","options":{"refId":"contentZone1"}},{"type":"ZONE","options":{"refId":"contentZone2"}},{"type":"ZONE","options":{"refId":"contentZone3"}},{"type":"ZONE","options":{"refId":"contentZone4"}},{"type":"ZONE","options":{"refId":"contentZone5"}},{"type":"ZONE","options":{"refId":"contentZone6"}},{"type":"ZONE","options":{"refId":"contentZone7"}},{"type":"ZONE","options":{"refId":"contentZone8"}},{"type":"EXTERNAL","options":{"refId":"atfMarker","tempoLabel":"ATF Marker","displayInTempo":true}},{"type":"ZONE","options":{"refId":"contentZone9"}},{"type":"ZONE","options":{"refId":"contentZone10"}},{"type":"ZONE","options":{"refId":"contentZone11"}},{"type":"ZONE","options":{"refId":"contentZone12"}},{"type":"ZONE","options":{"refId":"contentZone13"}},{"type":"ZONE","options":{"refId":"contentZone14"}},{"type":"ZONE","options":{"refId":"contentZone15"}},{"type":"ZONE","options":{"refId":"contentZone16"}},{"type":"ZONE","options":{"refId":"contentZone17"}},{"type":"ZONE","options":{"refId":"contentZone18"}},{"type":"ZONE","options":{"refId":"contentZone19"}},{"type":"ZONE","options":{"refId":"contentZone20"}},{"type":"ZONE","options":{"refId":"contentZone21"}},{"type":"ZONE","options":{"refId":"contentZone22"}},{"type":"ZONE","options":{"refId":"contentZone23"}},{"type":"ZONE","options":{"refId":"contentZone24"}},{"type":"ZONE","options":{"refId":"contentZone25"}},{"type":"ZONE","options":{"refId":"contentZone26"}},{"type":"ZONE","options":{"refId":"contentZone27"}},{"type":"ZONE","options":{"refId":"contentZone28"}},{"type":"ZONE","options":{"refId":"contentZone29"}},{"type":"ZONE","options":{"refId":"contentZone30"}}]}}]},{"flow":"horizontal","type":"container","content":{"id":"bottomContent","type":"slot","mapping":[{"type":"ZONE","options":{"refId":"bottomZone1"}},{"type":"ZONE","options":{"refId":"bottomZone2"}},{"type":"ZONE","options":{"refId":"bottomZone3"}},{"type":"ZONE","options":{"refId":"bottomZone4"}},{"type":"ZONE","options":{"refId":"bottomZone5"}}]}}]},"channel":{"id":"87674fe3-1742-4650-8e11-8d0c6acfe836","status":"ACTIVE"},"status":"ACTIVE","version":"1.279-SNAPSHOT 1702532823994 jenkinspan"}},{"id":"base","layout":{"type":"base","name":"Base","definition":{"type":"container","flow":"vertical","content":[{"flow":"vertical","type":"container","content":{"id":"mainContentSlot","type":"slot","mapping":[{"type":"ZONE","options":{"refId":"topZone1"}},{"type":"ZONE","options":{"refId":"topZone2"}},{"type":"ZONE","options":{"refId":"topZone3"}},{"type":"ZONE","options":{"refId":"topZone4"}},{"type":"ZONE","options":{"refId":"topZone5"}},{"type":"ZONE","options":{"refId":"leftZone1"}},{"type":"ZONE","options":{"refId":"leftZone2"}},{"type":"ZONE","options":{"refId":"leftZone3"}},{"type":"ZONE","options":{"refId":"leftZone4"}},{"type":"ZONE","options":{"refId":"leftZone5"}},{"type":"ZONE","options":{"refId":"contentZone1"}},{"type":"ZONE","options":{"refId":"contentZone2"}},{"type":"ZONE","options":{"refId":"contentZone3"}},{"type":"ZONE","options":{"refId":"contentZone4"}},{"type":"ZONE","options":{"refId":"contentZone5"}},{"type":"ZONE","options":{"refId":"contentZone6"}},{"type":"ZONE","options":{"refId":"contentZone7"}},{"type":"ZONE","options":{"refId":"contentZone8"}},{"type":"EXTERNAL","options":{"refId":"atfMarker","tempoLabel":"ATF Marker","displayInTempo":true}},{"type":"ZONE","options":{"refId":"contentZone9"}},{"type":"ZONE","options":{"refId":"contentZone10"}},{"type":"ZONE","options":{"refId":"contentZone11"}},{"type":"ZONE","options":{"refId":"contentZone12"}},{"type":"ZONE","options":{"refId":"contentZone13"}},{"type":"ZONE","options":{"refId":"contentZone14"}},{"type":"ZONE","options":{"refId":"contentZone15"}},{"type":"ZONE","options":{"refId":"contentZone16"}},{"type":"ZONE","options":{"refId":"contentZone17"}},{"type":"ZONE","options":{"refId":"contentZone18"}},{"type":"ZONE","options":{"refId":"contentZone19"}},{"type":"ZONE","options":{"refId":"contentZone20"}},{"type":"ZONE","options":{"refId":"contentZone21"}},{"type":"ZONE","options":{"refId":"contentZone22"}},{"type":"ZONE","options":{"refId":"contentZone23"}},{"type":"ZONE","options":{"refId":"contentZone24"}},{"type":"ZONE","options":{"refId":"contentZone25"}},{"type":"ZONE","options":{"refId":"contentZone26"}},{"type":"ZONE","options":{"refId":"contentZone27"}},{"type":"ZONE","options":{"refId":"contentZone28"}},{"type":"ZONE","options":{"refId":"contentZone29"}},{"type":"ZONE","options":{"refId":"contentZone30"}},{"type":"ZONE","options":{"refId":"bottomZone1"}},{"type":"ZONE","options":{"refId":"bottomZone2"}},{"type":"ZONE","options":{"refId":"bottomZone3"}},{"type":"ZONE","options":{"refId":"bottomZone4"}},{"type":"ZONE","options":{"refId":"bottomZone5"}}]}}]},"channel":{"id":"87674fe3-1742-4650-8e11-8d0c6acfe836","status":"ACTIVE"},"status":"ACTIVE","version":"1.279-SNAPSHOT 1702532823994 jenkinspan"}}],"pageMetadata":{"location":{"pickupStore":"2069","deliveryStore":"2069","intent":"SHIPPING","postalCode":"97504","stateOrProvinceCode":"OR","city":"Medford","storeId":"2069","accessPointId":null,"accessType":null,"spokeNodeId":null},"pageContext":{}}},"seoCategoryMetaData":{"metaDesc":"Shop for a Charcuterie board at Walmart.com. Buy the Meats, Cheeses, Crackers, Fruits \u0026 Veggies, Dips, Herb \u0026 nut accents. Save money. Live better.","metaTitle":"Create Your Charcuterie Board - Walmart.com","metaCanon":"https://www.walmart.com/cp/create-your-charcuterie-board/4740967","metaKW":null,"noIndex":false,"primaryPathId":"0/976759/976789/4740967"}},"headers":{}},"categoryPageId":"4740967","pageUrl":"/content/4740967?page=1\u0026sort=alpha","psych":{"isDesktop":true,"isBot":false,"isMobile":false,"trafficType":"customer","browserName":"Chrome","visitType":"fv"},"isomorphicSessionId":"g7pMMTHYPGNt2ZM0CoBuw","trace":{"traceId":"f0cd146bc4ab1c92b7b42e5415abbf15","spanId":"6e4afee93176780b","traceFlags":0},"isCaching":false,"queryContextCacheId":508,"bootstrapData":{"account":{"data":{"account":null}},"cart":null,"header":{"data":{"contentLayout":{"modules":[{"name":"New GlobalHamburgerNav Module, Monday, February 01, 2021, 10:56:25:63 am","type":"GlobalHamburgerNav","moduleId":"e5695db1-03c9-4ad8-87b1-3ecc7f36139a","matchedTrigger":{"zone":"hamburgerNav"},"configs":{"subCategory":[{"subLinks":[{"link":{"linkText":"Purchase History","title":"Purchase History","clickThrough":{"value":"/orders"},"uid":"lClciGBL"},"icon":"Receipt"},{"link":{"linkText":"My Items","title":"My Items","clickThrough":{"value":"/my-items"},"uid":"-CR6cbCJ"},"icon":"Reorder"},{"link":{"linkText":"Account","title":"Account","clickThrough":{"value":"/account"},"uid":"UEvH7Fxj"},"icon":"User"}]},{"subLinks":[{"link":{"linkText":"Help","title":"Help","clickThrough":{"value":"/help"},"uid":"8IhExTJt"},"icon":"QuestionCircle"}]},{"subLinks":[{"link":{"linkText":"Lists","title":"Lists","clickThrough":{"value":"/lists"},"uid":"X1LAJGJ_"},"icon":"Heart"},{"link":{"linkText":"Registries","title":"Registries","clickThrough":{"value":"/cp/gifts-registry/1094765"},"uid":"1AXmIt42"},"icon":"Gift"}]}]}}]}},"headers":{}},"footer":{"data":{"contentLayout":{"modules":[{"name":"Full Footer Module - 10.25.22","type":"GlobalFooterLinks","matchedTrigger":{"zone":"footerZone1"},"configs":{"subLinks":[{"link":{"linkText":"All Departments","title":"All Departments","clickThrough":{"type":"url","value":"/all-departments","rawValue":"/all-departments"},"uid":"qxfQLilq"},"isSFLink":"False","openInNewTab":"False"},{"link":{"linkText":"Store Directory","title":"Store Directory","clickThrough":{"type":"url","value":"/store/directory","rawValue":"/store/directory"},"uid":"Mqjgq01i"},"isSFLink":"False","openInNewTab":"True"},{"link":{"linkText":"Careers","title":"Careers","clickThrough":{"type":"url","value":"https://careers.walmart.com/","rawValue":"https://careers.walmart.com/"},"uid":"xSXQZgLP"},"isSFLink":"False","openInNewTab":"True"},{"link":{"linkText":"Our Company","title":"Our Company","clickThrough":{"type":"url","value":"https://corporate.walmart.com/","rawValue":"https://corporate.walmart.com/"},"uid":"1LGhsg1W"},"isSFLink":"False","openInNewTab":"True"},{"link":{"linkText":"Sell on Walmart.com","title":"Sell on Walmart.com","clickThrough":{"type":"url","value":"https://marketplace.walmart.com/?utm_source=Walmart.com\u0026utm_medium=link\u0026utm_campaign=footer","rawValue":"https://marketplace.walmart.com/?utm_source=Walmart.com\u0026utm_medium=link\u0026utm_campaign=footer"},"uid":"ruChBupf"},"isSFLink":"False","openInNewTab":"True"},{"link":{"linkText":"Help","title":"Help","clickThrough":{"type":"url","value":"/help","rawValue":"/help"},"uid":"sF8XalaR"},"isSFLink":"False","openInNewTab":"False"},{"link":{"linkText":"COVID-19 Vaccine Scheduler","title":"COVID-19 Vaccine Scheduler","clickThrough":{"type":"url","value":"https://www.walmart.com/cp/flu-shots-immunizations/1228302","rawValue":"https://www.walmart.com/cp/flu-shots-immunizations/1228302"},"uid":"mkSSzU5_"},"isSFLink":"False","openInNewTab":"False"},{"link":{"linkText":"Product Recalls","title":"Product Recalls","clickThrough":{"type":"url","value":"https://corporate.walmart.com/recalls","rawValue":"https://corporate.walmart.com/recalls"},"uid":"6WfEW3Zs"},"isSFLink":"False","openInNewTab":"True"},{"link":{"linkText":"Accessibility","title":"Accessibility","clickThrough":{"type":"url","value":"https://www.walmart.com/help/article/responsible-disclosure-and-accessibility-policies/0f173dab8bd942da84b1cd7ab5ffc3cb","rawValue":"https://www.walmart.com/help/article/responsible-disclosure-and-accessibility-policies/0f173dab8bd942da84b1cd7ab5ffc3cb"},"uid":"nH94lRDz"},"isSFLink":"False","openInNewTab":"True"},{"link":{"linkText":"Tax Exempt Program","title":"Tax Exempt Program","clickThrough":{"type":"url","value":"https://www.walmart.com/taxexempt/","rawValue":"https://www.walmart.com/taxexempt/"},"uid":"MSqG1z1p"},"isSFLink":"False","openInNewTab":"True"},{"link":{"linkText":"Get the Walmart App","title":"Get the Walmart App","clickThrough":{"type":"url","value":"https://walmart.onelink.me/UIev?pid=walmart.com\u0026af_web_dp=https%3A%2F%2Fwww.walmart.com%2Fcp%2Fwalmart-mobile-app%2F1087865\u0026c=Walmart.com%20Site%20Footer\u0026af_dp=walmart%3A%2F%2F","rawValue":"https://walmart.onelink.me/UIev?pid=walmart.com\u0026af_web_dp=https%3A%2F%2Fwww.walmart.com%2Fcp%2Fwalmart-mobile-app%2F1087865\u0026c=Walmart.com%20Site%20Footer\u0026af_dp=walmart%3A%2F%2F"},"uid":"fBlESY-s"},"isSFLink":"False","openInNewTab":"False"},{"link":{"linkText":"Sign-up for Email","title":"Sign-up for Email","clickThrough":{"type":"url","value":"https://www.walmart.com/cp/email-opt-in/8196352?gbo=1","rawValue":"https://www.walmart.com/cp/email-opt-in/8196352?gbo=1"},"uid":"wdxkv1Zu"},"isSFLink":"False","openInNewTab":"False"},{"link":{"linkText":"Safety Data Sheet","title":"Safety Data Sheet","clickThrough":{"type":"url","value":"http://msds.walmartstores.com/","rawValue":"http://msds.walmartstores.com/"},"uid":"snKdw1ZD"},"isSFLink":"False","openInNewTab":"False"},{"link":{"linkText":"Terms of Use","title":"Terms of Use","clickThrough":{"type":"url","value":"/help/article/walmart-com-terms-of-use/3b75080af40340d6bbd596f116fae5a0","rawValue":"/help/article/walmart-com-terms-of-use/3b75080af40340d6bbd596f116fae5a0"},"uid":"ZIN3lfkK"},"isSFLink":"True","openInNewTab":"False"},{"link":{"linkText":"Privacy \u0026 Security","title":"Privacy \u0026 Security","clickThrough":{"type":"url","value":"https://corporate.walmart.com/privacy-security","rawValue":"https://corporate.walmart.com/privacy-security"},"uid":"NcSEmFEh"},"isSFLink":"True","openInNewTab":"True"},{"link":{"linkText":"California Supply Chain Act","title":"California Supply Chain Act","clickThrough":{"type":"url","value":"https://corporate.walmart.com/california-transparency","rawValue":"https://corporate.walmart.com/california-transparency"},"uid":"saB0OxA1"},"isSFLink":"True","openInNewTab":"True"},{"link":{"linkText":"Your Privacy Choices","title":"Your Privacy Choices","clickThrough":{"type":"url","value":"https://www.walmart.com/account/api/ccpa-intake?native=false\u0026app=gm\u0026type=sod","rawValue":"https://www.walmart.com/account/api/ccpa-intake?native=false\u0026app=gm\u0026type=sod"},"uid":"J_2kgrFD"},"isSFLink":"True","openInNewTab":"True"},{"link":{"linkText":"Notice at Collection","title":"Notice at Collection","clickThrough":{"type":"url","value":"https://corporate.walmart.com/privacy-security/california-privacy-rights#what-are-the-categories-of-personal-information-collected","rawValue":"https://corporate.walmart.com/privacy-security/california-privacy-rights#what-are-the-categories-of-personal-information-collected"},"uid":"BEYc38cp"},"isSFLink":"True","openInNewTab":"True"},{"link":{"linkText":"Request My Personal Information","title":"Request My Personal Information","clickThrough":{"type":"url","value":"https://www.walmart.com/account/api/ccpa-intake?native=false\u0026app=gm\u0026type=access","rawValue":"https://www.walmart.com/account/api/ccpa-intake?native=false\u0026app=gm\u0026type=access"},"uid":"bBv2y0Gq"},"isSFLink":"True","openInNewTab":"True"},{"link":{"linkText":"Brand Shop Directory","title":"Brand Shop Directory","clickThrough":{"type":"url","value":"https://www.walmart.com/brand/branddirectory","rawValue":"https://www.walmart.com/brand/branddirectory"},"uid":"yCGpfrgV"},"isSFLink":"False","openInNewTab":"False"},{"link":{"linkText":"#IYWYK","title":"#IYWYK","clickThrough":{"type":"url","value":"https://www.walmart.com/cp/walmart-in-the-know/7781927","rawValue":"https://www.walmart.com/cp/walmart-in-the-know/7781927"},"uid":"JWKSWcyU"},"isSFLink":"False","openInNewTab":"False"},{"link":{"linkText":"Walmart Business","title":"Walmart Business","clickThrough":{"type":"url","value":"https://business.walmart.com/","rawValue":"https://business.walmart.com/"},"uid":"hQ8BOrKC"},"isSFLink":"False","openInNewTab":"False"}]}}]}},"headers":{}},"cv":{"account":{"_all_":{"hideMobileVerificationNotNowLink":false,"enableAccountDWeb":true,"isLoginRedirectionEnabled":false,"registriesUrl":"/my-registries","enableMyItemsMenu":true,"enablePaidBusinessPlusPlan":false,"enableGoogleAutoComplete":true,"enableWPlusMembershipMode":true,"enablePostalCodeMessage":false,"vetNameCharacterLimit":29,"enableAccountWallet":true,"ccpaUrl":"/account/ccpa-reporting","enableMultipleInHomeAddresses":true,"enableGuidedDeliveryPhase2":false,"enableZipcodeInAddressSelector":false,"showSignInNudgeDweb":true,"enableTaxExemptRedesign":false,"customCakeUrl":"https://www.walmart.com/order-ahead/cake","enableLanguageSelection":false,"enableDigitalRewards":true,"communicationAndPrivacyUrl":"/account/communications-and-privacy","digitalRewardsUrl":"https://www.walmart.com/cp/8301756","enableEbtFraud":true,"enableLocationErrorMessageImprovement":true,"protectionPlanUrl":"/protection-plans","enchancedAccountPharmacyUrl":"https://www.walmart.com/cp/5431","reorderUrl":"https://www.walmart.com/my-items","enableItemSubscriptionRamp":false,"enableValueTracker":true,"ccpaNewRequestUrl":"https://www.walmart.com/account/api/ccpa-intake?native=false\u0026amp;type=access","autoCareCenterUrl":"https://www.walmart.com/cp/auto-services/1087266","enablePhoneCollection":true,"businessMaximumNumberOfUserToInvite":5,"enableAddressLineOneAutofill":false,"enableInHomeAddress":true,"vuduLibraryUrl":"https://video.walmart.com/content/account/purchasehistory","enableHSAFSA":true,"disablePersonalInfoRequestsLink":false,"eBookUrl":"https://www.walmart.com/account/redirect/kobo?page=library","enableLocationAutoComplete":true,"isInHomeEnabled":true,"enableSpendAnalyzer":false,"enableInHomeLocationPreference":true,"enableNextBestAction":true,"enableAccountMWeb":true,"enableSubscriptionModule":false,"enableAVSOverrideGoogleAutoComplete":true,"enablePartialFulfillmentSwitching":false,"enablePostalCodeOnly":false,"walmartPlusUrl":"https://www.walmart.com/grocery/account/plus/overview","listsUrl":"/lists","showSignInNudgeMWeb":true,"geoFenceRadiusInMeter":804,"placeholder":1,"enableYourProfileSection":true,"enableWalmartPlus":true,"clinicNameCharacterLimit":80,"itemSubscriptionUrl":"https://www.walmart.com/m/deals/subscriptions/manage","enableGarage":true,"enableWalmartPlusPreference":true,"walmartAssociateUrl":"https://www.walmart.com/account/associate-discount","pharmacyUrl":"https://www.walmart.com/pharmacy/dashboard","enableFeatureCommsAndPrivacy":true,"enableAvsOverride":true,"shouldUpdateCartAfterUpdateZipcode":true,"isFCShippingEnabled":true,"enablePhoneNumberOnPersonalInfo":false,"disableAddressOnEmptyLatLong":false,"enableItemSubscription":true,"isMobileVerificationEnabled":false,"enablePetRxAwarenessBanner":false,"enableRemovePWState":true,"enablePetHubPage":true,"enablePetsCarousel":true,"enablePetRxWebUrl":"https://www.walmart.com/cp/8328098","uTypeValue":"'[\"beta\"]'","enableInHomeEdit":true,"enableMemberModePersonalization":false,"disablePRAutoComplete":false,"enablePetRxAutoRefill":true,"disableGuestUserAutocomplete":false,"enableEGiftCardLinkFix":true,"enableAccountApiOptimization":true,"enablePetsLink":true,"enableAddressValidationErrorPopupUpdate":true,"enablePetRx":false,"isRewardsEnabled":true,"enableCharityOfChoice":true,"enableAccountMenuOptimization":true}},"cart":{"_all_":{"enableAuthErrorFix":true,"enableItemUpdates":true,"enablePartialCheckout":true,"cartQueryStaleTime":240000,"enableLeanModeSFL":false,"enableWplusCashback":false,"enableSingletonATF":false,"enableForceFooterVisibility":true,"enableFullPagePAC":true,"enableExpandModeForSubscriptionItems":false,"defaultSalesWeight":0.25,"enableGXOSignInNudge":true,"enableCapOneRewards":true,"enableSFLCarouselTopPlacement":false,"enableGuestCheckout":true,"enableACCOnPAC":false,"enableLeanModeATC":true,"enableDetailedPartialXoLabel":false,"enableFreeDeliveryThreshold":false,"enableCartWplusBannerPickup":true,"enableWplusThirtyDaystrial":true,"showPersonalization":true,"enableAvailableFinancingOptions":false,"enableCartWplusBannerNoSlotSelected":true,"enableAddOnServicesPAC":true,"enableSFLPriceDrop":false,"enableCarePlansAndHomeServices":true,"enableShippingLabel":true,"enableSetShippingOrDeliveryMutation":true,"enableSubstituteOOSV2":true,"enableEnhancedEmptyCart":true,"enableOmniPromise":true,"enableWirelessPostpaid":true,"sflCountPerPagination":20,"enableSFLBackInStock":false,"enableNewSignInBenefitCards":true,"enableInHomeDelivery":true,"enableEarlyAccess":true,"enablePickupNotAvailable":false,"enableLastCallNonRoutine":false,"disableGetCartCSR":false,"enableInpDeferStepperDispatch":false,"enablePostLoadDeals":true,"enablePAC":true,"enableFulfillmentChangeInOOS":false,"enableNonConfigBundles":true,"showATCSuccessSnackBarForItemPageNonPac":true,"enableSigninBenefits":true,"enableFPCEHeader":true,"enableWplusFulfillmentBanner":true,"enableHelium":true,"enableFFCollapseMode":false,"enableLoadAfterATF":false,"enableIbotta":true,"enableCXOPrefetch":true,"enableItemSwitchableTempBadge":false,"enableAccSchedulingDiscoverabilityV3":false,"disableCommaInHeader":false,"enableAEBadge":true,"enableCartLevelMSI":false,"enableATCAnimation":false,"enableGetCartAuthErrorRefetch":true,"enableCapOne":true,"enableWeightedItems":false,"enableWideProductImages":true,"enableWalmartPlusIntegratedSignUp":true,"enableItemSwitchableBadge":false,"enableATCRateLimitingMessage":true,"enableATCOptimization":true,"enableFeeThresholdBar":false,"enableSubstituteOOS":true,"enableACCScheduling":true,"enableSmartNudges":true,"enableCartLight":false,"enablePartialSwitchModuleLevel":false,"enableGroceryPAC":true,"enableCallouts":false,"enableAffirm":true,"enableItemNotSwitchableBadge":false,"enablePriceChange":true,"enableWplus":true,"enableEbt":true,"enableLastCallFullPage":false,"enableSFL":true,"enableShipInsteadAtItemLevel":true,"enablePickupNotAvailableVariation2":false,"enableSetPickupMutation":true,"enableWirelessFreebiePromo":true,"enableCartGIC":true,"enableRegistry":true,"disableCartIconPriceTotal":false,"enableHotCartFeature":false,"enableShippingIntent":true,"enableLeanMode":true,"enableCartWplusBannerTempo":true,"enableQueueing":true,"disableEstTotalOnMweb":false,"enableFFModuleHideUnhideCarrot":true,"enableProductTileV2":true,"enableFulfillmentHeadersV2":true,"leanModeRetryLimit":1,"enableLastCall":true,"enableFulfillmentGroupId":true,"enableFPCEAosVariant":4,"enableAccSchedulingFindStores":true,"enableOOSHotFix":true,"enableGICSpeedFilter":false,"enableFreeAmendAndReturn":false,"enableFreeShippingAndPickup":true,"enableSFLPerformanceMode":false,"enableOnXoMoveOosToSfl":false,"enableClearMergeCartSFL":true,"enableShopSimilar":true,"enableATFGiftingUI":false,"enableCartBookslotShortcut":true,"enablePACCheckout":false,"enablePickUpSwitchSubscriptionPopup":true,"enablePFS":false,"enableCartWplusBannerShippingMoreThanMin":true,"enableEnhancedItemUpdates":true,"showSubscriptionGuestLoginBanner":false,"initialSFLCount":10,"enableClearMergeCartId":true,"enableExpressReservationEndTime":false,"hideGuestXOCTA":true,"enableFulfillmentChoice":false,"enableSplashRouteAddition":false,"disableItemLevelMSI":false,"enableGiftingCheckbox":true,"enableFulfillmentContentEnhancement":false,"enableOOSAlertScroll":true,"enableSignInFromCart":true,"disableGuestPartialXO":true,"enableStoreSnackBarMessage":false,"enableStyliticsClassicQuickShop":false,"enableLoopItemUpdates":true,"enableShopSimilarForPickup":false,"homeScriptSrc":"https://web-assets.stylitics.com/v3-moodboard/latest/moodboard.release.js","enableVisionSFL":false,"enableSSRRedirect":false,"enableReturnsLabel":true,"enableHide3pSellerName":false,"enableILCCSwitchFix":false,"enableSFLMoveToCartOptimization":true,"enableACCNonServiceableErrorUI":true,"enablelastCallOptimizatation":true,"enableCTLQuickShopLabel":false,"enableEarlyRecos":false,"enableFullPageSignin":true,"disableP13nOnPAC":false,"enableILCCHotFix":false,"projectThunderbolt":true,"enableLargeImagesMWeb":false,"homeUsername":"walmart","enableStylisticsMoodBoardDesign":false,"enableWplusBannersPostCartLoadPage":true,"disableNoTimesMessage":true,"slotShortcutMaxSlotReqCount":15,"slotShortcutGetSlotsQueryCacheTime":30000,"enableCTLProductTitle":true,"enableShopTheModelBadge":false,"numberOfMpSeller":20,"enableClipRewards":true,"enableRecommendationsPhase2":true,"apparelScriptSrc":"https://web-assets.stylitics.com/v3-classic/latest/classic.release.js","enableWplusGuestBanner":true,"enablePACRedirectOnDismiss":true,"enableFCTodayTomorrowHeader":true,"enableOrderCutOffLSTimezone":true,"mpPickupSessionTime":72,"enableIntentControl":true,"enableStyliticsMoodboardQuickShop":false,"enableVetDietVetCancellation":true,"enableOrderCutOffLiveTimer":false,"enableVisionNoRxCheckout":false,"enableI18n":0,"enableEnhancedSavings":true,"enableVetApprovalRequired":true,"enableBenefitSavings":true,"enableMPStoreSelector":true,"enableSmileyPricing":true,"enableACCVariant":1,"enableCTLMultipleLooks":true,"enableCTLQuickShop":true,"enableWplusOldBannerUI":true,"enableCompleteTheLook":true,"enableStylistics":false,"apparelUsername":"walmart","enableGenericWalmartCash":true,"enableSlotShortcutImplicitIntent":true,"enableSFLGrid":true,"enableCrossPollination":true,"enableMpPickupPhase2":true,"enableLastCallPhase2":false,"enableExpressUpsell":true,"enableEvergreenFee":true,"enableCompleteTheLookLabels":false,"enableOnePl":false,"enableMiniCart":false,"enableStarRatings":false,"visionOrderProperties":"'[\"prescription_type\",\"lens_type\",\"lens_material\",\"lens_color\",\"lens_add_ons\"]'","enablePromoDiscount":true,"enableSSR":false,"enableOfferIdInUrl":false,"enableSFLSmileyPrice":true,"enableVisionItems":false,"hideAcquisitionCardBanners":false,"disableCartPartialIntentWarning":true,"enableOrderCutOffTimeInline":true,"enableMultiline":true,"enablePetRxVetCancellation":true,"enablePACAOSVariants":1,"enableWplusRemoveBannersCardCheck":true,"enableAccModalOnItemPage":true,"enableStylisticsCLS":false,"enableFulfillmentFunnel":true,"enableHideOrderCutOffAtSLAGroupLevel":false,"savingsRecommendationTextV2":false,"calculateFooterPositionOnResize":true}},"bookslot":{"_all_":{"gmStoreMessageForNoUSPSlot":true,"enableEvergreenSlot":true,"enableWirelessPostpaid":true,"enableReReserveSlot":true,"enablePriorityTimesIntegratedSignup":true,"walmartPlusFreeDelivery":true,"expressDeliveryOnlyStores":true,"enableWalmartPlusIntegratedSignUp":true,"hidePickupSlotPrice":true,"disableMergeAndGetCartCSR":true,"alcoholRestrictedSlotsFilterEnable":true,"enableWplusCashback":false,"enableBlockRegistrantAddressDelivery":true,"enableEarliestAvailableSlotPreselection":false,"enableInventoryAwareMPPickup":true,"enableFulfillmentIntent":true,"enableNoSlotPreselectionOnTabSwitch":false,"enableStoreBrandFormat":false,"enableSlotPreSelectionV2":true,"enableEarliestAvailableDayPreselection":false,"enablePickupOnShippingIntent":true,"enableNoPickupSlotSelectionForDefaultStore":true,"enableWalmartPlus":true,"nodeSelectableOnlineEnable":true,"enableStoreHours":true,"enableCityStateZipcodeAdaptiveInput":true,"hideStoreChooserDefaultAlert":true,"enableInputTypeAhead":true,"enableCityAndStateInput":true,"tempoCacheExpirationInSeconds":300,"enablePriorityTimes":true,"enableReservationNotAcceptableFix":true,"enableStoreSelectorFeedback":true,"enableStoreSelectorResiliency":false,"enableExpressSlotIsSelectableLogicFix":true,"maxCountOfStoresForInventory":8,"disableFreeDeliveryBannerForExpressOnlyStores":true,"enablePreselectionV2UserIntentOverReservation":false,"enableInHomeAmPmSlots":true,"enableInHomeSlotsQueryHeader":true,"mergeSlotsEnable":true,"refreshCPOnStoreChange":false,"enablePremiumSlotsBranding":false,"enableCityAndStateInputForPickupStore":true,"enableCityStateInputValidation":true,"enableHolidayFreeExpressNewUI":true,"enableEvergreenHolidayDiscount":true,"enableUseCurrentLocation":true,"enableInHomeAmPmSlotsPhase2":true,"enableUseCurrentLocationFromBrowser":true,"evergreenWPlusMemberHolidayDiscountStrikeoutPrice":"5","enableStorePagesAndFinderPhase2":true,"enableAccSlotExpansion":true,"enableWplusOldBannerUI":true,"enableInhomeTipFreePriceLabel":true,"enableStoreSelectorMarketplacePickup":true,"enableAllSlotsUnavailableMessageTypesFix":true,"enableACCStoreSelectorOnSlotsUnavailable":true,"enableFulfillmentOptionURLParam":true,"enablePassCartIdAcidCheckStoreSelector":true,"enableZeroDeliverySlotPriceFree":false,"projectThunderbolt":true,"enableACCStoreSelectorErrorHandling":true,"enableEvergreenFee":true,"enableDeliveryStoreSelectorInHomeSupport":true,"evergreenNonMemberHolidayDiscountStrikeoutPrice":"12.95","disableSlotShortcutInGIC":false,"enableAvailableForInstallationText":true,"enableMultipleInhomeAddresses":true,"enablePassCartIdAcidCheck":true,"bookslotShortcutMaxSlotReqCount":21,"enableUnauthorizedAccessToCartErrorFix":true,"enableDeliveryFromStoreInfoModule":true,"enableDeliveryAddressFromSlotData":true,"enableHideInstoreCheckmark":true,"enableLocalizedStringInBookSlot":false,"enableWplusRemoveBannersCardCheck":true,"enableBookslotMobileSticky":true,"enableCartFulfillmentOption":true,"enableStorePagesAndFinder":true,"enableNoSlotsAvailableScreen":true,"enableStoreSelectorUnauthorizedAccessToCartErrorFix":true,"enableEvergreenSlotBranding":true}},"header":{"_all_":{"hideServiceWidget":true,"enableInpClickSearchInputField":false,"showNavLinks":true,"enableRedesignedHeader":false,"fetchLocation":false,"enableFetchAlertBarCSR":false,"maxCalloutsPerBSTC":4,"enableNavClickability":true,"globalNavCacheVariation":"","enableReorder":false,"enableInpSearchBarAndIcon":false,"showOptOut":false,"heartingEnhancementsEnable":false,"enableSuppressAlertBarOnMweb":false,"enableTADropdown":false,"calloutViewsPerIdPerBSTC":1,"enableGIC":true,"flyOutExpandOnClick":true,"enableNonStickyHeader":false,"navLinks":"'[{\"name\": \"Grocery\",\"link\": \"https://www.walmart.com/cp/1735450\"},{\"name\": \"Tech\",\"link\": \"https://www.walmart.com/cp/electronics/3944\"},{\"name\": \"Fashion\",\"link\": \"https://www.walmart.com/cp/clothing/5438\"},{\"name\": \"Home\",\"link\": \"https://www.walmart.com/cp/home/4044\"},{\"name\": \"Patio \u0026 garden\",\"link\": \"https://www.walmart.com/cp/patio-garden/5428\"},{\"name\": \"National donut day\",\"link\": \"https://www.walmart.com/shop/national-donut-day\"},{\"name\": \"Deals\",\"link\": \"https://www.walmart.com/shop/deals\"},{\"name\": \"Walmart+\",\"link\": \"https://www.walmart.com/plus\"}]'","isAlertBarEnabled":true,"fetchLocationCSROnLoad":true,"enableWplusRedesignTheme":false,"enableResponsiveHF":true,"enableLightweightHeader":false,"calloutViewsPerIdPerVTC":2,"enableWalmartCashInNav":false,"calloutsEnabled":true,"enableL0SeoLinksForItemPage":true,"showAddressLineOne":true,"enableStickyGIC":true,"enabledGICRetentionPrompt":false,"enableL0SeoLinksForAllPage":false,"enableWplusLogoOnSiteHeader":true,"enableMultipleInhomeAddresses":true,"enableGicResiliency":false,"enableGoogleEnhancedPlaceActions":true,"enableLocalizedStringInGIC":false,"enableGICAutoShowOnSessionStart":false,"enableDeliveryStoreSelection":true}},"pulse":{"_all_":{"alwaysAllowedTagList":"","enableScriptDefer":false,"logLevel":"info","enableATFMarker":true,"enableV1Schema":true,"enableQuantumMetric":false,"enableBeaconDefer":false}},"footer":{"_all_":{"enableXOFeedback":true,"hideSignupForEmailLink":false,"enableNativeAppDownloadBottomsheet":true,"timeIntervalInHoursNativeAppInstallPrompt":24,"enableDbQrDownloadBottomSheet":true,"enableDownloadOurApp":false,"dbQrDownloadBottomSheetSecondaryMessageText":"Use the app to get up-to-date store prices and find items with store maps.","feedbackTenantName":"","timeIntervalInHoursDbQrNativeAppInstallBottomSheet":168,"enableShopOurBrandsSection":false,"enableSocialMediaLinks":false,"feedbackFetchMigrationToPlatformFetch":true,"maxNumberOfDbQrDownloadBottomSheetViews":1,"hideGiveFeedbackSection":true,"dbQrDownloadBottomSheetPrimaryMessageText":"Want to check store prices?","enableQuickLinkSection":false,"enableRemarketingEmailSignup":false,"enableNativeAppDownloadStickyBanner":true,"hideContactNumber":false,"enableInStoreWifiAppPrompt":true,"maxNumberOfNativeAppInstallPrompt":2,"enableEmailSignup":false,"enablePrivacyLinkUpdate":true,"enableForceB2BLogout":true,"isFullFooterEnabled":false}},"shared":{"_all_":{"ssrNavBrowserAllowList":"Chrome","enablePreOwnedExperience":true,"showCashbackProgressBar":false,"enableWrongStoreReminderDays":0,"enableEBTCheckBalance":true,"itemReservationsBannerText":"left to buy your item","enableInpMemoCarousel":false,"enableSmileNowPricing":true,"enableMedalliaScript":false,"enableExpandedGiftingEligibility":true,"substitutionItemPriceAndQuantityClarity":true,"enableSubscriptionsInTransaction":true,"enableFulfillmentDisplay":false,"enableDigitalRewards":false,"enableInHomeGuidedDelivery":true,"enableLiquorBoxAlcoholExpansionCartBookslot":true,"cspReportOnlyOverrides":"","enableFullPageCart":true,"enableHubAndSpoke":true,"enableCartParallelFetch":true,"queueRefetchInterval":5000,"enableBuyNowWallet":true,"subscriptionManagePageUrl":"/subscriptions/manage","queueMaxRefetchDuration":900000,"enableLanguagePreferenceDialog":false,"multiSiteRedirectUrl":"https://business.walmart.com/","enableAstCookie":true,"enableDynamicOptionsFeedback":true,"enableSinglePageXO":true,"hideFulFillmentLabel":false,"tmxPathnameRulesDisallowCSV":"^/$,^/ip/,^/search,^/browse,^/shop,^/cp,^/content","enableWplusSignUpOffer":true,"substitutionsOptInClarity":true,"enableInpDeferProductTileLink":false,"enableDynamicMainReducer":false,"helpLinkMPReturnPolicy":"https://www.walmart.com/help/article/walmart-marketplace-return-policy/63c3566a9d3546858582acae2fbfdb7e","enableSSRNavigation":true,"helpLinkTermsOfUse":"https://www.walmart.com/help/article/walmart-com-terms-of-use/3b75080af40340d6bbd596f116fae5a0","enableNewCookieSerializer":false,"enableSpendLimit":false,"enableMultiStorePickup":false,"enablePersistedQueries":true,"enableQueueingCtaRedirection":false,"enableHolidayFreeExpressDelivery":true,"legacySiteEbtRedirectEnabled":false,"enableDifferentCaptchaMethod":false,"enableAdSessionId":true,"disableGetCartSSR":true,"enableAEDynamicPromise":true,"businessRewardsThresholdAmount":"{ \"default\": 250 }","helpLinkStorePurchase":"https://www.walmart.com/help/article/view-store-purchases/f56a1afbf3b5428bb69f0124daa49108","enableReferToFriendIntl":false,"tmxPathnameRulesAllowCSV":"^/cart\\\\b,^/(wallet|payments|partner\\\\Wplus|plus|wmcash)/,^/checkout/(pindrop|review-order),^/account/(phoneverification|profile|plus\\\\Wmanage|payment\\\\Wmethods|giftcards\\\\Wbalance)","enableHotPacSessionTime":0,"enableLawnAndGarden":true,"enableAutoTmxForAll":true,"enableGicEngagement":true,"enableMPPickupBottomSheet":false,"enableWalmartPlusFreeDiscountedExpress":true,"enableSlotsParallelFetch":true,"enableExpressSla":true,"aeModuleHeaderText":"Free pickup","enableSinglePaymentForm":true,"enablePersistedCartId":true,"legacySiteDirectspendingRedirectEnabled":false,"enableUngatedSubscription":false,"enableFeedbackSubmitPageType":true,"enableOutOfStockFiltering":false,"enableBuyNowCXORedirect":false,"helpLinkMobileAlertsTerms":"https://www.walmart.com/help/article/mobile-alerts-terms-of-use/499122d9bba94d08b50e8facf42fcc82","bookSlotPersistentFilterEnable":false,"enableProductCarouselCSR":false,"enableHpRedesign":true,"enableProgressiveCss":false,"enableSpendAnalyticsPhaseTwo":false,"enableTileImageEarlyHint":false,"enableACCVariant":0,"legacySiteNGRedirectEnabled":false,"enableKlarnaBNPL":false,"enableBuyMore":false,"enableWrongStore":0,"enableGICHot":false,"enableBuyNow":true,"enableChargeForSubs":true,"enableSubscriptionForTenant":true,"enableNoOrderMinimumFee":false,"savingsRecommendationFlag":2,"enableManufacturersCoupons":false,"enableSubscriptionsInTransactionScFulfillment":true,"enableDigitalRewardsHistoryV2":false,"enableBusinessOfferCenter":false,"cvEndpoint":"rest","enableSinglePaymentFormWallet":true,"enableQueueing":true,"helpLinkReturnRefunds":"https://www.walmart.com/help/channel/returns-and-refunds/5a33a1f61af8479e9d1bd8b727e9e761","foo":false,"enableBadges":true,"enableItemLevelCheckout":false,"enablePreOwnedBadges":true,"enableWeeklyReservationCartBookslot":false,"bootstrapVersion":"PROD-2.0","enableNewPrivacyBanner":false,"enableGICSpeedFilter":false,"enableHotPostATC":0,"enableMOQ":false,"enableBenefitTracker":true,"placeholder":"US-B2C","enableSubscriptionsPetRxInTransaction":false,"aeModuleHeaderVariation":"variation2","enableAutoTmx":false,"enableInpDeferredRouter":false,"enableListLandingView":true,"enablePFS":false,"enableCSRBootstrapCall":true,"enableFeedbackGqlMigration":true,"enableGICOnboarding":false,"legacySiteInhomeRedirectEnabled":false,"enableLaunchMultiSiteLogoffConfirmationModal":true,"enableSubscriptionDiscounts":false,"enableWaitingHallway":true,"enableGuidedDelivery":true,"queueTimeToCompletePurchase":10,"enableWmtpcBenefitCard":true,"beaconWithQuantumMetrics":false,"enableGifting":true,"enableBuyNowAOS":false,"enableInHomeNudge":false,"enablePartialSwitchModuleLevelCartBookslot":false,"enableOneTimePurchaseDefault":false,"enableNeedHelpOptions":false,"disableAuthHeaderCheck":false,"enableSplitMetric":true,"enableGICBookslot":true,"cacheFullFooterVersion":1,"enableIbotta2xRewards":false,"enableEnhancedCarouselTiles":true,"accSlotShortcutMaxSlotCount":5,"enableSustainabilityBadge":false,"enableOnlyAtWalmartBadge":false,"proSellerBadgeVisibilityType":2,"enableDisplayStartTimeOnlyForACC":false,"isIncludeIphoneMetaTagAfilliateLinks":false,"enableCsp":true,"enableSmileSaveBadge":false,"enableWplusRetentionNudge":true,"enableStoreChooserDefaultAlertFromGIC":true,"enableFPO":true,"enableFloatingAddToOrder":true,"cacheFooterExpireDurationMs":600000,"enableBuyNowSFLPrompt":false,"enableLocalizedStringForReservationText":false,"enablePetRxManualRefill":true,"enableBuyNowPromiseMessage":true,"enableIphoneUrlParams":false,"cacheFullFooterExpireDurationMs":600000,"enableStoreSelectorDefaultStoreAlertFromItemPage":true,"enableFastRefundCredit":true,"enableCheckoutProp65":true,"enableOrderDeviceInfo":false,"downlinkThreshold":"","enableEvergreenSlotBranding":true,"enableWplusACCPayForServiceOnline":false,"enableQueueSizeIncrease":true,"enableACCSchedulingUpsell":false,"mpaSkipURLPatterns":"","enableBuyNowFreeShippingNudge":false,"promoDiscountVisibilityType":"checkbox","enableAccUpsellVariant":1,"cacheHeaderVersion":1,"cacheHeaderExpireDurationMs":600000,"enableACCShipInsteadCTA":false,"enableBuyNowSavings":false,"enableSmileWasPricing":false,"enableBuyNowHot":false,"enableHPO":true,"enableWplusProgramId":true,"enableProductTileSmileyVariant":true,"cacheFooterVersion":1,"enableRebrandRewardsToCash":false,"enableBenefitBadge":true,"enableDxgyBroadscaleWalmartCash":false,"enableBuyNowAspectiva":true,"enableLocalizedStringForReservation":false,"enableEnhancedCarouselTilesByCategory":"5438","enableBuyNowTYUrl":true}},"help":{"_all_":{"chatBotLibraryUrl":"//i5.walmartimages.com/dfw/63fd9f59-b3fe/cacb9a65-3942-4c41-a277-b29649242d39/v1/botchat.js","disableGuestUsers":true,"enableContentUpdates":true,"helpGQLCookieName":"helpgql","showEmailPhone":false,"contactUsEmail":"help@customercare.walmart.com","enableHelpChatTextRetention":true,"contactUsPhone":"1-800-WALMART","enableRedesignExperience":true,"enableThreatMetrixProfiling":true,"chatBotProxyUrl":"https://www.walmart.com/orchestra/helpChat/api","enableChatErrorHandling":true,"enableAppleChat":false,"enableTempoQAL":true,"showChatBot":true,"enableFetchToken":true,"triggerChatFromReturnsPage":true,"chatBotUrl":"https://chat.walmart.com/glass/proxy/v3/directline/tokens/generate","enableStoreFeedbackBanner":true,"searchSuggestionAmount":4,"faqLink":"https://www.walmart.com/help","searchResultsPerPage":10,"enableHelpChatMinimizeOnBlur":true,"enableTagChatAutoPopup":"dWeb","enableUniversalChat":true,"chatBotCSSUrl":"//i5.walmartimages.com/dfw/63fd9f59-b3fe/cacb9a65-3942-4c41-a277-b29649242d39/v1/wm-glass-botchat.css","postMVPFeatureEnable":true,"enableSpanishChat":false,"enableLoginModal":true,"buggySafariRegEx":"(iPod|iPhone|iPad).+ Version/(1([5-6]))|CriOS","enableHelpGQL":true,"enableStoreFeedback":true}},"contentpage":{"_all_":{"enableResponsiveSideNav":true,"enableNoResult":false,"smileVariation":2,"use1xQualityImage":false,"enableTopNav":true,"enableGenericFAQConfig":true,"enableSkinnyBanner":true,"noOfQuestionsToShow":3,"hwPageIds":"1042239,1078664,1078666,1078944,1224932,1228302,1679751,1894700,1898283,2766660,3423461,3769564,3917374,4097505,4101489,4208394,4289766,4379404,4499988,4851429,5075911,5431,5454755,6084505,6730561,7104730,7246282,8910931,9508321,9638815","enablePartialRender":false,"enableHreflangs":false,"enableLeftHandNavDesign":true,"wplusContentPageIds":"8131648","enablePageNotFound":false,"responsiveSideNavEligibleCategories":"5431,1228302,4101489,1894700,5454755,1078664,9508321,4851429,3769564,1042239,8910931,1078666,1078944,9638815","enableCopyBlock":true,"enableDepartmentGridDesign":false,"enableLeadForm":true,"leftHandNavEligibleCategories":"5438,133162,133195,3523459,133197,3891,7712430,1045804,9360765,5800740,1908812,5788073,3377730,6347057,1335384,1071204,8174172,3717275,9055522,1072864,1546896,5428,91416,4125,91083,1229749,1086045,3462603,4161,2636,133073,3944,2637,976793,9569500,976789,976787,976794,976782,976783,976779,9176907,1096070,976780,2975985,976791,3701649,3513393,7128585,1086446,1001320,1005862,1115193,3495493,976760,4661388,3771182,1396434,2571007,1005860,3460237,1544540,1231757,8157003,8213469,976798,5523094,1100706,1005863,1085666,1007219,1007039,1007040,5427,133283,486190,91365,118134,86323,414099,132943,6529511,978579,491351,540912,4718514,4350993,4114611,7552000,2299833,1086304,5358743,6824908,976759,1076905,1089430,7052607,4044,103150,1334134,639999,90828,133012,539095,110892,539105,4038,539103,90548,623679,1231327,90546,539386,102547,4047,1229486,4171,4718514,976798,8636404,1105910,1072335,1699525,1073085,2899782,133277,5525941,1229723,3475115,9206773,4646529,3951,1078524,1720130,1083166,6662018,6120851,7669778,7634768,5440,202072,202073,202074,1001299,1166769,1005859,6833286,228734,4024509,1060825,1095191,77622,1229875,126297,1088766,4104,4096,5454301,1071969,1007221,1007220,1056884,1229019,3920,582053,8571041,9451768,1735450,6972993,6106579,8638707,4288449,6513821,1932863,1414629,1077545,617941,617942,1105635,1077724,4172,4186,1081404,132873,14521,1230089,8561687,5848968,4187,5431,1228302,4101489,5454755,1078664,9508321,4851429,3769564,1224932,1078944,9638815,5271784,7924299,133225,3884472,2444681,7204689,5636258,532459,4294413,1102183,4037,133113,2622648,1045881,5208936,6718514,4510225,9516159,4191,645779,4173,6502732,4134,4089,1102182,6061364,1229594,4091,546956,97116,133020,6177615,4232946,1011919,1032619,1228441,2033628,7007010,7756661,7333633,9035881,1106132,1767021,8331331,4549164,1111647,2724815,9877415,1107532,4128,4155,1001659,1001680,1001321,7404214,7472650,9379334,9573311,112776,6338015,1229722,1075805,111667,1067617,1031899,1161932,1067618,1231459,1045879,8641540,9332706","enableHWBreadcrumb":false,"oilEligibleCategories":3304723,"enableProductTileCollection":false,"productLimit":40,"enableRewardHistory":true,"cpProcessingEnable":true}},"ads":{"_all_":{"adPreviousResponseNullCheck":false,"cpMq1RenderEnable":false,"sbaBannerDesignV3Intl":false,"ipMq1RenderEnable":true,"ipSkReqEnable":true,"enableGetPvId":true,"bpMq2Measure1PEnable":true,"measure3PImpEnable":true,"sbaBrandLabelEnable":false,"bpSkReqEnable":true,"adPreviewMode":false,"adShowAtcFieldEnable":true,"hpMq1Measure1PEnable":true,"hpMq1Measure3PEnable":true,"spSkRenderEnable":true,"bpSpc1ReqEnable":true,"displayUnitWrapperUnmount":true,"enableBrowseAdsRerender":true,"displayCheckIp":false,"updateAdV2QueryUbsEnable":true,"ipBr1Measure3PEnable":true,"cpSkRenderEnable":false,"phSkRenderEnable":true,"ipBr1Measure1PEnable":true,"adManualShelfIdCheck":true,"hpGalMeasure1PEnable":true,"hpGalMeasure3PEnable":true,"spSkMeasure1PEnable":true,"displaySbaLogospQs":true,"adSpClipBeaconEnable":true,"spSkMeasure3PEnable":true,"ipBr1EarlyLoadRootMargin":0,"bpSpc1Measure1PEnable":true,"typMq1ReqEnable":true,"sbaMwebRedesignV2Enable":false,"hpGalRenderEnable":true,"odpSkRenderEnable":true,"adSPIncrementDecrementCheck":true,"spMq1Measure1PEnable":true,"odpSkMeasure1PEnable":true,"odpSkReqEnable":true,"typMq1Measure1PEnable":true,"displaySpMyItems":true,"typSkMeasure3PEnable":true,"bpMq1Measure1PEnable":true,"spMq2ReqEnable":true,"updateAdV2Query2StoreEnable":false,"bpSkRenderEnable":true,"ipMq1Measure1PEnable":true,"odpSkConfigModuleLocation":"top","spSvAdsEligibleBeaconEnable":true,"displayPreviousRenderCheck":true,"spSkReqEnable":true,"hpMq1ReqEnable":true,"bpBigMeasure1PEnable":true,"sbaMwebRedesignV1Enable":true,"ipSkMeasure3PEnable":true,"ipMq2Measure3PEnable":true,"hpMq2Measure3PEnable":true,"spVideoAdsMobileStyling":true,"displayDeduplication":true,"bpMq2Measure3PEnable":true,"blockInternal":true,"ipSkRenderEnable":true,"cpMq2RenderEnable":false,"ipMq2ReqEnable":true,"phSkMeasure1PEnable":true,"ipMq2RenderEnable":true,"sbaBannerLabelEnable":false,"spMq2Measure3PEnable":true,"adResponseBeaconEnable":true,"phSkReqEnable":true,"displayProductPos":true,"hpGalReqEnable":true,"spMq2Measure1PEnable":true,"useLegacyBtfCmp":false,"spSbaDesignIterationsValue":0,"displayOrderDeduplication":true,"enableStackedRecallTracking":true,"cacheBusterTimeDiffMs":180000,"odpSkConfigLazy":400,"bpMq2ReqEnable":true,"spMq1RenderEnable":true,"enableGalleryReRender":false,"bpSkMeasure3PEnable":true,"bpSkMeasure1PEnable":true,"spMq2RenderEnable":true,"enableInGridInViewBeaconFix":true,"ipSpc2Measure1PEnable":true,"displayPoVAdBlockerEnable":true,"enableProductBrandOnBeacon":false,"spSvDisableBadges":true,"myitemsMeasure1PEnable":true,"bpMq1ReqEnable":true,"displayAddlInfo":true,"adsXpa":"wA4s1,KFmHO,2U022,kLTe3,SK3g0,Uu0h6,Ahrqe,rUz5r,8iEA9,-5ZDV","typMq1RenderEnable":true,"bpMq1RenderEnable":true,"hpMq2RenderEnable":true,"bpMq2RenderEnable":true,"moatIvt":"https://www.walmart.com/swag/v2/ip-rd","ipSpc2ReqEnable":true,"hpMq1RenderEnable":true,"phSkConfigLazy":400,"ipBr1RenderEnable":true,"spSvMwebLoadingFixEnable":true,"displayProductsPos":false,"enableBrandBoxEarlyLoad":false,"odpSkMeasure3PEnable":true,"typMq1Measure3PEnable":true,"typSkRenderEnable":true,"hpP13nMeasure1PEnable":true,"typSkMeasure1PEnable":true,"spSvGridPositionBeacon":true,"adViewableGmBeaconCheck":true,"ipSkMeasure1PEnable":true,"spMq1Measure3PEnable":true,"ipSpc1ReqEnable":true,"phSkConfigModuleLocation":"top","lazyRenderCmp":false,"ipMq1Measure3PEnable":true,"phSkMeasure3PEnable":true,"safeframeURL":"https://i5.walmartimages.com/dfw/63fd9f59-d6ba/07b8ea82-184c-4ea3-8ac0-5dc1981e40c8/v33/safeframe.html","typSkReqEnable":true,"displayPPMMode":true,"bpMq1Measure3PEnable":true,"ipSpc1Measure1PEnable":true,"ipMq1ReqEnable":true,"ipMq2Measure1PEnable":true,"hpMq2Measure1PEnable":true,"spMq1ReqEnable":true,"ipBr1MinScreenHeight":768,"ipP13nMeasure1PEnable":true,"spSpc1ReqEnable":true,"adCategoryTakeoverCheck":true,"hpMq2ReqEnable":true,"spSpc1Measure1PEnable":true,"hpPovLockoutPriorityEnable":true,"ipBr1ReqEnable":true,"shpSigMeasure1PEnable":true,"spSvplaysInline":true,"spSvLoopCompleteEventEnable":true,"ipMq1DSPEnable":true,"enableHpRedesignXPA":true,"opAllAdsEnableAdsBtfCmpV3":false,"pacSkDisableTopPadding":false,"ipBr1VideoDSPEnabled":true,"bpSkFeedbackEnable":true,"bpMq2FeedbackEnable":true,"hpAbF4Measure3PEnable":true,"pacSkMeasure3PEnable":false,"pacSkMeasure1PEnable":false,"adsHpControlGroupXpa":"T0FRM,HP1Ng,YJYo7,YzvhK","spSvInViewRemoveVideoData":true,"enableVideoTracker":true,"enableIpBr1CreativeV1":true,"hpAbF4Measure1PEnable":true,"bpSpcEnableAdsBtfCmpV3":false,"spSigFeedbackEnable":true,"sbaUiEnhanceEnable":false,"spSvUiAlphaUpdate":true,"ipMq1FeedbackEnable":true,"cartP13nMeasure1PEnable":true,"hpGalAdViewableGmBeaconFix":true,"enableBlendedSpAdsVariation":false,"hpRedesignVisitedXpa":"hprXp","ipMq2Version":"","spSvHideTabletVideo":true,"bpSigFeedbackMobileEnable":false,"shpSkRenderEnable":true,"adsControlGroupXpa":"T0FRM,HP1Ng,YJYo7,YzvhK","moatRefactorEnable":false,"bpDacBottomReqEnable":false,"ipMq2FeedbackMobileEnable":false,"fillEmptyLocWithProductLocEnable":false,"enableAdV3Query":false,"bpMq1DSPEnable":true,"bpSkFeedbackMobileEnable":false,"hpAbF5Measure3PEnable":true,"hpGpbFs1Measure3PEnable":true,"hpGpbFs1DSPEnable":true,"infoIconClickEnable":true,"spSvRenderedImpressionEnable":true,"spTrackingRefactorEnable":true,"defaultLocationZipCode":"","spMq2FeedbackMobileEnable":false,"bpGalBottomMeasure3PEnable":false,"enableMqCreativeV1":true,"dspViewabilityTracking":true,"openRTBDisplayAdsBundleSafeframeURL":"https://i5.walmartimages.com/dfw/63fd9f59-afe1/7adb6fe1-4149-4ebe-b4c7-2ea1921d4a19/v34/openrtb-template-wrapper.html","hpTpFs2ReqEnable":true,"typMq1DSPEnable":true,"ipBbReqEnable":true,"shpSingleTTO2Measure3PEnable":false,"hpAbF5ReqEnable":true,"shpSkEnableAdsBtfCmpV3":false,"enableGalleryItemChanges":true,"spGalBottomMeasure1PEnable":false,"spSigFeedbackMobileEnable":false,"pacSkDSPEnable":false,"spGalBottomRenderEnable":false,"ipSkFeedbackMobileEnable":false,"ipGalTopMeasure1PEnable":false,"enableSponsoredRedirectParam":true,"spGalBottomDSPEnable":false,"ipGalMiddleMeasure1PEnable":false,"unfilledAdResponseBeaconEnable":false,"hpSpcEnableAdsBtfCmpV3":false,"hpAbF5FeedbackEnable":false,"spGalRenderEnable":false,"spDacBottomReqEnable":false,"enableGalleryMultipleLocations":true,"hpAbF5DSPEnable":false,"enableGalleryV2Design":true,"hpTpFs2RenderEnable":true,"adResponseBeaconRefactorEnable":true,"bpGalBottomDSPEnable":false,"typAllEnableAdsBtfCmpV3":false,"ipMq2FeedbackEnable":true,"adRequestBeaconEnable":false,"bpMq2FeedbackMobileEnable":false,"spMq1DSPEnable":true,"spSbaDesignIterationsEnable":false,"shpSingleTTO1Measure3PEnable":false,"adsSubscriptionPriceEnable":true,"ipGalMiddleReqEnable":false,"hpGalMiddleReqEnable":true,"hpGpbFs3DSPEnable":true,"contentPageClickBeaconEnable":true,"bpMq2DSPEnable":true,"spSvViewableBeaconEnable":true,"bpGalMeasure1PEnable":false,"useSearchBrowseBtfCmp":false,"hpAbF4RenderEnable":true,"spSvV2HookEnable":true,"bpMq1FeedbackMobileEnable":false,"hpGpbFs1ReqEnable":true,"typSkDSPEnable":true,"bpGalRenderEnable":false,"enableCreativeTypeBeacon":true,"bpSigFeedbackEnable":true,"bpMq1FeedbackEnable":true,"updatedAdBlockerDetectionEnabled":true,"enableSeasonalColorOption":false,"spSvLazyLoadingEnable":true,"ipGalMiddleRenderEnable":false,"pacSkReqEnable":false,"hpGpbFs1Measure1PEnable":true,"spGalMeasure1PEnable":false,"spSkEnableAdsBtfCmpV3":false,"enableBbWPlusEA":true,"bpGalBottomRenderEnable":false,"shpSingleTTO2ReqEnable":false,"displayIdentifyAdServer":true,"ipMq2DSPEnable":true,"ipAllAdsEnableAdsBtfCmpV3":false,"bpMqEnableAdsBtfCmpV3":false,"enableCenterAlignBrandBox":false,"feedbackForVideoRefactor":false,"shpSingleTTO2Measure1PEnable":false,"addSpVideoNaBeacon":true,"spMq2FeedbackEnable":true,"enableAdSmilePricing":true,"hpTpFs1ReqEnable":true,"enableLegalDisclaimerSponsored":true,"shpSkMeasure1PEnable":true,"hpGalMiddleMeasure3PEnable":true,"enableSvTestAds":false,"spAtcTrackBeaconFix":true,"bpGalReqEnable":false,"spSkDSPEnable":true,"spSvYabasVideoModuleViewEnable":true,"spMqEnableAdsBtfCmpV3":false,"videoEarlyloadOffset":1200,"shpSingleTTO2RenderEnable":false,"videoViewabilityFix":true,"hpMqEnableAdsBtfCmpV3":false,"hpTpFs1Measure1PEnable":true,"shpSingleTTO1RenderEnable":false,"spMq1FeedbackEnable":true,"spGalDSPEnable":false,"hpTpFs1DSPEnable":true,"ipSkFeedbackEnable":true,"hpAbF4FeedbackEnable":false,"videoCCEnable":true,"hpMq2DSPEnable":true,"hpTpFs2FeedbackEnable":false,"spSvAutoGenCcDisclaimerEnabled":true,"adSpBuyNowBeaconEnable":false,"sponsoredLabelTextColor":"#74767C","hpTpFs1Measure3PEnable":true,"bpSkDSPEnable":true,"hpGpbFs2FeedbackEnable":false,"spGalMiddleDSPEnable":false,"ipGalTopReqEnable":false,"spSvContainerEnable":true,"enableMyitemsBlending":false,"spSkFeedbackMobileEnable":false,"spSigMeasure1PEnable":true,"hpTpFs2Measure3PEnable":true,"spGalReqEnable":false,"hpTpFs2Measure1PEnable":true,"videoPerformanceTrackerEnable":true,"ipMq1FeedbackMobileEnable":false,"revertViewabilityTimerFix":false,"hpGalMiddleMeasure1PEnable":true,"hpGalMiddleDSPEnable":true,"spGalMeasure3PEnable":false,"hpGpbFs3ReqEnable":true,"shpSkReqEnable":true,"spIbottaEnable":true,"hpGpbFs3RenderEnable":true,"hpGalMiddleFontChangesEnable":true,"hpGpbFs2RenderEnable":true,"defaultLocationStateCode":"","spSvPlmtMacroReplaceEnable":true,"bpSkEnableAdsBtfCmpV3":false,"enableAdUnitVersion":false,"enableAdsBtfCmpV3":false,"buyBoxVariations":"3","bpGalDSPEnable":false,"enableSearchGalleryMaxWidth":false,"hpTpFs3DSPEnable":true,"spMq1FeedbackMobileEnable":false,"hpGpbFs2Measure1PEnable":true,"hpGpbFs1RenderEnable":true,"enableMyitemsSortPlacementBeacon":true,"display3PVisibilityCheck":true,"spSvFeedbackEnable":false,"shpSkMeasure3PEnable":true,"hpGpbFs3Measure3PEnable":true,"hpGalMiddleFeedbackEnable":false,"disableLowPriorityBeacons":false,"shpSingleTTO1ReqEnable":false,"povMrcFix":true,"ipGalTopRenderEnable":false,"hpTpFs3Measure1PEnable":true,"ipGalMiddleDSPEnable":false,"hpTpFs3Measure3PEnable":true,"hpTpFs1RenderEnable":true,"hpAbF4ReqEnable":true,"hpTpFs3RenderEnable":true,"ipBr1VideoMeasure3PEnable":false,"hpGpbFs1FeedbackEnable":false,"enableMyitemsAtcSortPlacementBeacon":true,"videoMaxHeight":360,"dspProcessingEnable":true,"hpFontStyleFix":true,"hpGpbFs2DSPEnable":true,"ipBr1DSPEnable":true,"enableDisclaimerIconVar1":true,"enableSpcWPlusEA":true,"spSvMeasure1PEnable":true,"shpSingleTTO1Measure1PEnable":false,"spSvVideoTrackingEnable":true,"currCpSafeframeURL":"https://i5.walmartimages.com/dfw/63fd9f59-afe1/7adb6fe1-4149-4ebe-b4c7-2ea1921d4a19/v12/safeframe-content-page.html","ipBr1Version":"","highlyRatedCarouselEnable":false,"spSbaReqEnable":true,"spSvPerformanceTrackingEnable":true,"spSpcEnableAdsBtfCmpV3":false,"spSkFeedbackEnable":true,"hpAbF4DSPEnable":false,"viewableBeaconFix":true,"hpGpbFs2ReqEnable":true,"adsQuickshopBeaconEnable":true,"ipBbMeasure1PEnable":true,"hpGalMiddleRenderEnable":true,"hpAbF5RenderEnable":true,"bpGalMeasure3PEnable":false,"hpTpFs3ReqEnable":true,"spSvDynamicPosEnable":true,"hpTpFs3FeedbackEnable":false,"pacP13nMeasure1PEnable":true,"pacSkRenderEnable":false,"bpGalMiddleDSPEnable":false,"enableAtcItemClickBeaconFix":true,"hpTpFsAllDisableLoadingCard":true,"ipGalTopDSPEnable":false,"bpGalBottomMeasure1PEnable":false,"hpMq1DSPEnable":false,"enableGalleryTitle":true,"hpOldPageVisitedXpa":"hpXpa","hpAbF5Measure1PEnable":true,"safeframeTemplatesEnable":false,"hpGpbFs3FeedbackEnable":false,"adsHotBadging":false,"hpGalEnableAdsBtfCmpV3":false,"spGalBottomMeasure3PEnable":false,"spBbTranche2Enable":true,"ipBbLazyLoadingEnable":false,"spSbaMeasure1PEnable":true,"hpGpbFs3Measure1PEnable":true,"dspMultiProcessingEnable":true,"ipSkDSPEnable":true,"spSvRenderEnable":true,"ipMq1Version":"","spSvYabasVideoClickEnable":true,"ipGalTopMeasure3PEnable":false,"spSvReqEnable":true,"hpTpFs1FeedbackEnable":false,"hpGpbFs2Measure3PEnable":true,"shpSkDSPEnable":true,"enableVideoUIErrorState":true,"spMq2DSPEnable":true,"hpTpFs2DSPEnable":true,"ipGalMiddleMeasure3PEnable":false}},"wallet":{"_all_":{"enableIncommTiles":true,"enableDigitalRewards":true,"enableDVR":true,"enableIncommDS":true,"eGiftCardLinkUrl":"/browse/gifts-registry/egift-cards/1094765_96894_4851051_2852534?sort=best_match\u0026cat_id=1094765_96894_4851051_2852534_3326919\u0026stores=3081\u0026ps=40\u0026facet=brand%3AWalmart","enableCardNumberFirst":false,"enableExpirySingleField":false,"enableBCBSA":true,"enableCXODelayedMessage":false,"enableFIS":true,"enableSolutranDual":true,"enableEbtSeeBalance":true,"placeholder":1,"enableNewOneWalletAd":true,"enableNewOneCardArt":true,"enableEGiftCardLinkFix":true,"enablePayByBank":false,"enableSkyTransactionHistory":true,"oneCardUtmCampaign":"WM_BetaTest_PT_DIS_ACT_CVR_ONE_USA_MTD_V1","enableNewOneWalletAd2":true,"enableOneBanner":true,"disableRemoveSubmitQuery":true,"oneCardUtmContent":"IMG_PRD_BON_WMD-WLT-WLUA-Product1HeadlineACopyA_PIL_PRP_PUC_NPP_NTR"}},"wplus":{"_all_":{"paidSavingsThreshold":15,"eventOffersProgramId":"discmemb22","enableSingleClickReactivation":true,"enableRewardsCenter":true,"enableEventOffers":false,"ignoreCohortReVerification":"","enableEventOffersPlanExpired":true,"enableSplashPageWalletPayPal":true,"enableCohort":"assist","enableLegalUpdatesPartnerPages":true,"enableSpot22":true,"enablePickYourBillingDate":true,"enableSecMlp":true,"splashModalDelayRequestTimeInHours":0,"enablePlusupsReactivationCancelledActiveExpired":true,"enableUnauthenticatedChoosePlans":false,"enableInHomeAddon":true,"enablePauseMembership":true,"enable30DayTrial":true,"enableSplashModalAutoLaunch":true,"isEAFreeMonthsOnCancelEnabled":true,"splashModalPlusUps":"inHome","enableOptionalPromoCodeOnBDP":true,"enableTrialExtension":false,"enableAssistMembership":true,"trialSavingsThreshold":15,"directMembershipProgramId":"earlyaccess21","enableWplusWeeklyReservation":true,"enableGiftingErrorScreen":false,"enableCancellationTrialExtension":false,"enableB2B2CV1":true,"eventOffersProgramName":"discountedmembership","enableAmexSwitchPlanDisclaimer":true,"enableDifferentiatedMemberExperience":true,"enableExpressSignUp":true,"isMemberEligibleForUpgrade":false,"enableDunning":true,"wplusWeekOffers":"cinemarkbogo,cinemarkb2g1,wplusweek,PaidOfferAccess","enableTempoPromoCodePage":false,"enableInHomeCancellationSurvey":true,"enableSingleClickReactivationWallet":true,"enableCashback":true,"redirectUpgradeCtaToPaidProgramId":"","enableEarlyAccess":true,"enableChoosePlansWallet":true,"enableCancellationOlMigration":true,"enableSplashPageWallet":true,"enableTempoMembershipLandingPage":false,"enableMlpImageResize":false,"enableAppeasementSplashModal":true,"enablePersonalizedSavingsA":true,"enableDirectBusinessMembershipOffer":false,"inHomeRedirectUrl":"https://inhome.walmart.com/partnership/chamberlain","dynamicCopyMode":"STATIC","enableWalmartPlus":true,"enablePersonalizedSavingsB":false,"enableB2B2CV1Dot1":true,"enableWplusSplashPage":true,"enableConsolidationBilling":true,"cohortVerifiedInHours":720,"enablePaymentValidation":true,"splashPaymentErrorEnabled":true,"enableManageMembershipWallet":true,"enableManageMembershipWalletPayPal":true,"enablePTABusinessMembership":false,"isEAFreeMonthsOnChangeEnabled":false,"enableShowChatOption":true,"enableMultiBenefitVariations":true,"enabledAutoRenewUpdate":true,"enableInHomeAddressValidation":true,"enableSplashUIVersion":"","enableDxGyPromoAutomation":true,"enableSingleClickReactivationWalletPayPal":true,"enableTrialToPaid":true,"enableHubOlMigration":true,"enableSSRPlansPage":true,"enableRAFSweepstakes":false,"enableWplusSignupOffers":true,"isGiftingMembershipEnabled":true,"enableSubscription":true,"enablePickYourBillingDatePostMvp":true,"enablePromoStrikeThroughPrice":true,"enableBogleSignup":false,"enableGamification":true,"enableChoosePlansWalletPayPal":true,"enableMlp":true,"enableNoPaymentSplashPage":false,"enableChamberlain":true,"enablePromoCodeValidationPrograms":"delta","enableRAFDirectToPaid":true,"programData":"{\"wbmembertry90\":{\"trialDays\":\"90\"},\"wbpartnertry90\":{\"trialDays\":\"90\"},\"wbmembertry180\":{\"trialDays\":\"180\"},\"wbpartnertry180\":{\"trialDays\":\"180\"},\"fam180wbmember\":{\"trialDays\":\"180\"},\"wb180membernp\":{\"trialDays\":\"180\"}}","enableOfferLedClipping":false,"enableReferAFriend":false,"enableLegalUpdates":true,"enableBenefitEngagementPage":true,"enableCashBackPlans":true,"isParamountUpgradeEnabled":true,"enableCashDashboard":true,"enableBadging":true,"paramount22RedirectUrl":"https://www.paramountplus.com/walmartplus/connect/","enableOfferListV1":true,"enableAdjustNonMemberMessaging":true,"enableHybridCohort":"","enableCashbackRebrand":true,"enableEaModules":true,"enableCashbackLogoRebrand":true,"enablePageSource":true,"paramount22SsoClientId":"1cad36da-b4c7-4e13-8460-71ff50ced7e2","enableDealSeeker":true,"cancelCtaGroupVariation":"CONTROL","enableParamountPlus22Reactivate":false,"activateProgramId":"instantwplusweek","enableMembershipEngagementChallenge":true,"enableRevampedBenefitsCard":true,"paramountEssentialPrice":"/{\"Monthly\":5.99,\"Annually\":59.99}/","wplusWeekTrialMemberProgramId":"wplusweek23_convert_6monthoff","enableBDPBreadcrumb":true,"enableExpiredUserRouting":true,"wplusWeekPaidMemberProgramId":"wplusweek23_upgrade_6monthoff","enableAmexGoldSwitchPlanDisclaimer":true,"enableRemindMeLater":true,"enableAppScreenTakeOver":true,"enableOC22":true,"enableMembershipYearinreview":false,"enableLegalUpdatesSplashPage":false,"enableHubRedesign":true,"enableLegalUpdatesActivatePage":"versionA","enablePartnerLandingPage":true,"enableParamountCancelCTA":true,"isAnnualPlanOfferEnabled":false,"enabledMembershipSplashTrialToPaid":true,"enableLegalUpdatesPlansPage":"","eaModulesMaxDisplayPerSession":1,"wplusWeekProgramName":"wplusweek","enableParamount22":false,"eaModulesAllowedPath":"/shop/deals/cyber-monday","enableInHomeLandingPage":true,"enableCohortMembershipFastFollow":true}}},"membership":{"data":{"shouldShowWplusLogo":false}}},"enableGqlCsrRedirect":true,"nonce":"wRgtM7rORmFXyjpT","persistedQueriesConfig":{"allowList":[""],"blackList":[""],"enableAllowList":false,"enablePersistedQueries":true},"excludeBeacon":false,"isNextPublicMocksEnabled":false,"adSessionId":"c8e1f5c09eea437650f3805a6c355f71"}},"page":"/content/[...categoryParams]","query":{"page":"1","sort":"alpha","categoryParams":["4740967"]},"buildId":"production_20231214T221012277Z-en-US","assetPrefix":"https://i5.walmartimages.com/dfw/63fd9f59-2a88/0f4e2c10-a934-4511-b0b6-8e629aae96e5/v2/en-US","runtimeConfig":{"nxApplicationName":"US-JOURNEY","isDev":false,"enableLatencyTrace":true,"tenant":"WM_GLASS","vid":"oaoh","tenantV2":{"bu":"WALMART-US","mart":"B2C"},"mockURL":"http://mock-backend.dev.walmart.com/","mock":true,"endpointMappings":{"operations":{"query configuration":"cegateway","query RewardsHistoryPage":"cegateway","query ContentPage":"cegateway","query BrandPage":"cegateway","query checkItemCartEligibility":"cecxo","mutation MergeAndGetCart":"cecxo","query getGuestOrder":"cegateway","query PurchaseHistory":"cecph","mutation NotifyCapOneBannerSnooze":"cegateway","mutation CancelOrder":"cecph","query LastCallPage":"cegateway","query AdV2Display":"adsgateway","query GetCommPreference":"cegateway","query PurchasedProtectionPlans":"cecph","query PurchasedProtectionPlansV2":"cecph","query ProtectionPlanDetail":"cecph","query subscriptions":"cegateway","query NodeDetailQuery":"cegateway","query NearbyNodesQuery":"cegateway","query LocalStoreContentQuery":"cegateway","query CartSubstitutions":"cegateway","query CartShopSimilar":"cegateway","query GetEarlyAccessLearnMoreData":"ceaccount","query PostCartLoadPage":"cegateway","query SearchStore":"cegateway","query LocalStoreCategoryContent":"cegateway","query nodeDetails":"cegateway","query storeFinderNearbyNodesQuery":"cegateway","mutation CreateInsuranceSalesLead":"wellness","mutation setPickup":"cecxo","query getCart":"cegateway","query feedShowCategories":"cegateway","query feedsByStatus":"cegateway","query feedShow":"cegateway","query feedsByStatusPaginated":"cegateway","query SavingsDashboard":"cegateway","mutation cancelReturnOrder":"cereturns","query GetDeliveryPreferences":"cegateway","query LensCustomizationProductIdmlQuery":"cepdp","mutation createHealthBenefitCard":"ceaccounthw"},"queryStrings":{"step=cart":"cecxo","step=bookslot":"cecxo","entitytype=*":"ceorders","state=*":"ceorders","source=*":"ceorders"},"pages":{"*":"cegateway","/":"cegateway","/hp-redesign":"cegateway","/404":"cegateway","/acc/[id]":"cegateway","/acc/schedule-oil-change":"cecxo","/account/*":"cegateway","/all-departments":"cegateway","/browse/*":"cegateway","/c/[...seo]":"cegateway","/c/auto-directory/*":"cegateway","/ci-control":"cegateway","/cp/[...categoryParams]":"cegateway","/content/[...categoryParams]":"cegateway","/brand/[...brandParams]":"cegateway","/brand/branddirectory":"cegateway","/help/*":"cegateway","/i/*":"cegateway","/ip/[...itemParams]":"cegateway","/lists/*":"cegateway","/my-items":"cegateway","/my-registries":"cegateway","/shop/*":"cegateway","/shop/[...seo]":"cegateway","/nonprofits/*":"cegateway","/orders/*":"ceorders","/partner/plus/*":"cegateway","/plus/*":"cegateway","/wp/*":"cegateway","/product/[...itemParams]":"cegateway","/registry/*":"cegateway","/reviews/*":"cegateway","/search/*":"cegateway","/seller/*":"cegateway","/services":"cegateway","/store":"cegateway","/store/[storeId]":"cegateway","/store/[storeId]/[...contentType]":"cegateway","/sparkgood/*":"cegateway","/organizations/*":"cegateway","/thankyou":"cecxo","/thankyou/pindrop":"cecxo","/topic/[...seo]":"cegateway","/tp/*":"cegateway","/update-payment-method-form":"cegateway","/update-payment-method":"cegateway","/wallet/associate-discount":"cegateway","/subscriptions/manage":"cegateway","/cart":"cecxo","/pac":"cecxo","/updatecart":"cecxo","/shopwithme/*":"cegateway","/rewards-history":"cegateway","/global/*":"cegateway","/global/[...seo]":"cegateway","/live":"cegateway","/live-next":"cegateway","/live-next/browse":"cegateway","/savings":"cegateway","/cash-overview":"cegateway","/in-store-wifi/*":"cegateway","/live-next/shows":"cegateway","/g/*":"cegateway","/g/[...seo]":"cegateway","/gic":"cegateway","/fittingroom":"cegateway","/protection-plans":"cecph","/inhome/*":"cegateway","/user-query":"cecxo","/assistant":"cecxo","/showroom":"cegateway","/showroom/[name]/[id]":"cegateway","/omniservicesplatform":"cecxo"}},"googleMaps":{"checkAddressAPIKey":"AIzaSyCX5gh3yoq4316wUDxRpljFOwWA6_-BEMg","addressAPIKey":"AIzaSyBIAnB1a3UejjFVRNtszhaEE8yrKySRTEo","geoCodingAPIKey":"AIzaSyBvv63fBVZ1RtNJLGkN9XCFE1WfVl0o1HY","riseMapAPIKey":{"dev":"AIzaSyA9K6pBcYvCp4_FxKHsPi-JDJfvcvSbtp0","defaultKey":"AIzaSyA0Gi6N7afDzAqBiPI3MlWDMaaxC5xKldM"}},"membershipConfig":{"showWPlusBanner":true},"pulseBeacon":{"enable":true,"hostname":"i5.walmartimages.com","bd":"beacon.walmart.com","bh":"beacon.lightestwithqm.walmart.com","hostWithQM":"beacon.lightestwithqm.walmart.com","hostWithoutQM":"beacon.lightest.walmart.com","photoHost":"beacon.photowithqm.walmart.com","photoHostWithoutQM":"beacon.photo.walmart.com"},"perimeterX":{"enable":true,"initScript":"https://www.walmart.com/px/PXu6b0qd2S/init.js"},"identity":{"context":{"signOutUrl":"/account/logout","signInPathname":"/account/login","createAccountPathname":"/account/signup","tenants":[{"host":{"stage":"business-stage.walmart.com","teflon":"business-teflon.walmart.com","production":"business.walmart.com"},"mart":"B2B","templates":["B2BSignUpPage","B2BSignInPage","B2BSignInWithPasswordOnlyPage","B2BSignInWithOTPChoicePage","B2BSignInWithOTPOnlyPage"]}],"marketingEmails":true,"rightsReservedText":"","footerOptions":[],"termsLink":"","privacyLink":"","enableRobotsTag":false,"hideFooter":false},"authFrameRoutes":{"frame":"/account/login","reauthFrame":"/account/login","gxoSignup":"/account/signup/gxo","gxoSignin":"/account/login"}},"threatMetrix":{"enable":true},"paymentsPageUrl":"https://wallet.walmart.com/payments?wv=main","paymentsChooserPageUrl":"https://wallet.walmart.com/payments/chooser","walletPageUrl":"https://wallet.walmart.com/payments/wallet","ads":{"env":"production","host":"https://www.walmart.com","moatId":"WALMART_DISPLAY_S2S1","moatVideoId":"WALMART_VIDEO_S2S1"},"moatIvt":"https://www.walmart.com/swag/v2/ip-rd","rewardsTravelUrl":"https://walmartplustravel.com/trips","appVersion":"us-web-1.106.1-a4825f50961cb2cde8a88357cc99e8ada972f5fa-1214","appSha":"a4825f50961cb2cde8a88357cc99e8ada972f5fa","profile":"production","tmxOrgId":"hgy2n0ks","dataCenter":"wus2","queryContext":{"appVersion":"us-web-1.106.1-a4825f50961cb2cde8a88357cc99e8ada972f5fa-1214","gql":{"endpointsByName":{"ceaccount":"/orchestra/account/graphql","cecxo":"/orchestra/cartxo/graphql","cecph":"/orchestra/cph/graphql","adsgateway":"/swag/graphql","aroundme":"/around-me/graphql","ceorders":"/orchestra/orders/graphql","cegateway":"/orchestra/home/graphql","ceaccounthw":"/orchestra/hw/graphql","cepdp":"/orchestra/pdp/graphql","wellness":"https://developer.api.us2.walmart.com/api-proxy/service/hw/wellnessplusservice/v1/graphql","cereturns":"/orchestra/orders/graphql"}},"rest":{"endpointsByName":{"cereturns":"/orchestra/api/returns","ceaccount":"/orchestra/api/account","cehelp":"/orchestra/help/api","cehelpchat":"/orchestra/helpChat/api","ceidentity":"/orchestra/account/electrode/api/identity","typeahead":"/typeahead/v3/complete","espvalidation":"/esp/prepaid/v1/plans","warppaymentoptions":"/orchestra/api/online/variantbasic/item","cewarp":"/orchestra/api/warp","ceccm":"/orchestra/api/ccm/v2/bootstrap","ceccm2":"/orchestra/api/ccm/v2/bootstrap","cewireless":"/orchestra/api/wireless","storeservices":"/graphql","fuelPrices":"/graphql","feedbackSubmit":"/orchestra/api/customer-survey/submit","quimbyMobile":"/orchestra/api/tempo","shopwithme":"/feeds"}}}},"isFallback":false,"dynamicIds":[613480,23530,689200,798519,613844,721073],"customServer":true,"gip":true,"appGip":true,"locale":"en","locales":["en","es"],"defaultLocale":"en","scriptLoader":[]}</script><script id="release-metadata" type="application/json" nonce="wRgtM7rORmFXyjpT">{"appVersion":"us-web-1.106.1-a4825f50961cb2cde8a88357cc99e8ada972f5fa-1214","dataCenter":"wus2"}</script><script nonce="wRgtM7rORmFXyjpT">window.SW_DOMAIN = "walmart.com"</script><script nonce="wRgtM7rORmFXyjpT">(function(e){var t=e.document;BOOMR=e.BOOMR||{};BOOMR.plugins=BOOMR.plugins||{};var n={localStorageTestKey:"TorbitLSTest",pageTags:[],pageConversions:[],initHasRun:false};BOOMR.plugins.pageMeta={init:function(r){initHasRun=true;try{localStorage.setItem(n.localStorageTestKey,n.localStorageTestKey);localStorage.removeItem(n.localStorageTestKey);BOOMR.addVar("ls",1)}catch(i){BOOMR.addVar("ls",0)}if(e.location.protocol=="https:")BOOMR.addVar("prt",1);else BOOMR.addVar("prt",0);BOOMR.addVar("ref",t.referrer);if(e.performance&&e.performance.memory){for(m_name in e.performance.memory){if(e.performance.memory.hasOwnProperty(m_name)){BOOMR.addVar(m_name,e.performance.memory[m_name])}}}BOOMR.addVar("wH",e.innerHeight||t.body.clientHeight||t.documentElement.clientHeight);BOOMR.addVar("tags",n.pageTags.join("|"));return this},addTag:function(e){n.pageTags.push(e);if(!n.initHasRun){return}BOOMR.addVar("tags",n.pageTags.join("|"))},addConversion:function(e,t){var r=e;if(t&&(t>0||t.length>0))r=e+"="+t;n.pageConversions.push(r);BOOMR.addVar("conversion",n.pageConversions.join("|"))},is_complete:function(){return true}}})(window);(function(e){try{e._tbq=e._tbq||[];_tbq.push=function(e){if(e.length<1||!e[0])return;switch(e[0]){case"tag":if(e.length<2)return;BOOMR.plugins.pageMeta.addTag(e[1]);break;case"startTimer":if(e.length<2)return;BOOMR.plugins.customEvents.startTimer(e[1]);break;case"endTimer":if(e.length<2)return;BOOMR.plugins.customEvents.endTimer(e[1]);break}};for(i in _tbq){if(_tbq.hasOwnProperty(i)&&i!="push"){_tbq.push(_tbq[i]);delete _tbq[i]}}}catch(t){}})(window);</script><script nonce="wRgtM7rORmFXyjpT">window._pxAppId = 'PXu6b0qd2S'</script><script async="async" defer="defer" src="/px/PXu6b0qd2S/init.js" nonce="wRgtM7rORmFXyjpT"></script><noscript><img src="https://www.walmart.com/akam/13/pixel_3709813b?a=dD02ZTJmNmZjZTYyMDIyNTNkMzEwZmM0MGE3ZjBlM2NhNDg0ODIxZWU3JmpzPW9mZg==" style="visibility: hidden; position: absolute; left: -999px; top: -999px;" /></noscript></body></html>