<!DOCTYPE html><html lang="en-US"><head><link href="//tpc.googlesyndication.com" rel="dns-prefetch"/><meta charset="utf-8"/><script id="ttp-marker" blocking="render" nonce="aVKqljLOdi0F3bzk">(()=>{window.performance.mark("ttp")})();</script><meta property="fb:app_id" content="105223049547814"/><meta name="viewport" content="width=device-width, initial-scale=1.0, minimum-scale=1, interactive-widget=resizes-content"/><link rel="dns-prefetch" href="https://tap.walmart.com "/><link rel="preload" fetchpriority="high" crossorigin="anonymous" href="https://i5.walmartimages.com/dfw/63fd9f59-a78c/fcfae9b6-2f69-4f89-beed-f0eeb4237946/v1/BogleWeb_subset-Bold.woff2" as="font" type="font/woff2"/><link rel="preload" fetchpriority="high" crossorigin="anonymous" href="https://i5.walmartimages.com/dfw/63fd9f59-a78c/fcfae9b6-2f69-4f89-beed-f0eeb4237946/v1/BogleWeb_subset-Regular.woff2" as="font" type="font/woff2"/><link rel="preconnect" href="https://beacon.walmart.com"/><link rel="preconnect" href="https://b.wal.co"/><script nonce="aVKqljLOdi0F3bzk">var _bcq=_bcq || [];_bcq.push(['_setOptions',{start_time:(new Date()).getTime(),bd:'beacon.walmart.com',bh:'beacon.lightest.walmart.com',sv:'1.2.129'}]);(function initObserver(){function getSessionId(){var nextEl=document.getElementById("__NEXT_DATA__");var text=nextEl&&nextEl.textContent;var dd;try{dd=JSON.parse(text||"{}")}catch(exc){dd={}}var sid=dd&&dd.props&&dd.props.pageProps&&dd.props.pageProps.isomorphicSessionId;return sid||"unknown"}function getContextInfo(propName){var nextEl=document.getElementById("__NEXT_DATA__");var text=nextEl&&nextEl.textContent;var dd;try{dd=JSON.parse(text||"{}")}catch(exc){dd={}}return dd&&dd.runtimeConfig&&dd.runtimeConfig[propName]||"unknown"}function onerror(evt){var el=evt.target;var url=el.getAttribute("src")||el.getAttribute("href");_bcq.push(["_tagAction","walmartWeb","log","wcnp_walmart-web",{msg:{isomorphicSessionId:getSessionId(),appVersion:getContextInfo("appVersion"),datacenter:getContextInfo("dataCenter"),message:{logContent:{message:"Required script failed to load. "+url},type:"CONSOLE_ERROR"},tags:["error","platform","client-error-logger"]},pg:{nm:"walmartWeb"},ta:{}}])}function onchange(changes){if(!(changes&&changes.length)){return}for(var chg of changes){var added=chg.addedNodes;if(!(added&&added.length&&chg.type==="childList")){continue}var node=added[0];var tag=node.nodeName;var rel=node.rel;var isLink=tag==="LINK";var isCss=isLink&&rel==="stylesheet";var isPreload=isLink&&rel==="preload"&&["font","style"].indexOf(node.as)>=0;if(tag==="SCRIPT"||isCss||isPreload){node.onerror=onerror}}}var observer=new MutationObserver(onchange);observer.observe(document,{attributes:true,childList:true,subtree:true});return{getSessionId:getSessionId,getContextInfo:getContextInfo,observer:observer,onchange:onchange,onerror:onerror}})();</script><script data-testid="pulse-script" async="" nonce="aVKqljLOdi0F3bzk" src="//i5.walmartimages.com/beacon/beacon.js?bd=beacon.walmart.com&amp;bh=beacon.lightest.walmart.com"></script><title>Wine - Walmart.com</title><meta name="description" content="Shop for Wine at Walmart.com. Buy light or bold red wine, white, blush, sparkling wine, boxed wine. Dry, sweet, or specialty wine. Save money. Live better."/><link rel="canonical" href="https://www.walmart.com/cp/wine/8604954"/><meta property="og:url" content="https://www.walmart.com/cp/wine/8604954"/><meta property="og:description" content="Shop for Wine at Walmart.com. Buy light or bold red wine, white, blush, sparkling wine, boxed wine. Dry, sweet, or specialty wine. Save money. Live better."/><meta property="og:title" content="Wine - Walmart.com"/><meta property="og:type" content="Website"/><meta property="og:site_name" content="Walmart.com"/><meta name="keywords" content=""/><meta name="robots" content="INDEX,FOLLOW"/><link fetchpriority="high" rel="preload" as="image" href="https://i5.walmartimages.com/dfw/4ff9c6c9-758f/k2-_ec549d54-1a9d-4d50-9f05-c5bced9e1205.v1.jpg"/><meta name="next-head-count" content="22"/><script nonce="aVKqljLOdi0F3bzk">(()=>{
    const lang = document.documentElement.lang;
    Object.defineProperty(document.documentElement, "lang", {
        get () {
            return lang;
        },
        set () {}
    });
})()</script><link rel="preconnect" href="https://i5.walmartimages.com"/><link nonce="aVKqljLOdi0F3bzk" rel="preload" href="https://i5.walmartimages.com/dfw/63fd9f59-2a88/0f4e2c10-a934-4511-b0b6-8e629aae96e5/v2/en-US/_next/static/css/f1a48d3a57f50d0d.css" as="style"/><link nonce="aVKqljLOdi0F3bzk" rel="stylesheet" href="https://i5.walmartimages.com/dfw/63fd9f59-2a88/0f4e2c10-a934-4511-b0b6-8e629aae96e5/v2/en-US/_next/static/css/f1a48d3a57f50d0d.css" data-n-g=""/><noscript data-n-css="aVKqljLOdi0F3bzk"></noscript><script defer="" nonce="aVKqljLOdi0F3bzk" nomodule="" src="https://i5.walmartimages.com/dfw/63fd9f59-2a88/0f4e2c10-a934-4511-b0b6-8e629aae96e5/v2/en-US/_next/static/chunks/polyfills-c67a75d1b6f99dc8.js"></script><script defer="" src="https://i5.walmartimages.com/dfw/63fd9f59-2a88/0f4e2c10-a934-4511-b0b6-8e629aae96e5/v2/en-US/_next/static/chunks/ui_event-timer_queue-timer-e564a76fae5caec6.js" nonce="aVKqljLOdi0F3bzk"></script><script defer="" src="https://i5.walmartimages.com/dfw/63fd9f59-2a88/0f4e2c10-a934-4511-b0b6-8e629aae96e5/v2/en-US/_next/static/chunks/ui_item-queue_banner_queue-banner-2488af055a1a0ddb.js" nonce="aVKqljLOdi0F3bzk"></script><script defer="" src="https://i5.walmartimages.com/dfw/63fd9f59-2a88/0f4e2c10-a934-4511-b0b6-8e629aae96e5/v2/en-US/_next/static/chunks/ui_image_utils.1f72a84492c59467.js" nonce="aVKqljLOdi0F3bzk"></script><script defer="" src="https://i5.walmartimages.com/dfw/63fd9f59-2a88/0f4e2c10-a934-4511-b0b6-8e629aae96e5/v2/en-US/_next/static/chunks/ui_product-carousel_product-carousel-6823af165b9c427a.js" nonce="aVKqljLOdi0F3bzk"></script><script defer="" src="https://i5.walmartimages.com/dfw/63fd9f59-2a88/0f4e2c10-a934-4511-b0b6-8e629aae96e5/v2/en-US/_next/static/chunks/ui_product-carousel.c18800be20ee0277.js" nonce="aVKqljLOdi0F3bzk"></script><script defer="" src="https://i5.walmartimages.com/dfw/63fd9f59-2a88/0f4e2c10-a934-4511-b0b6-8e629aae96e5/v2/en-US/_next/static/chunks/tempo_pov-n-up_pov-n-up.280628ae6ea8ae16.js" nonce="aVKqljLOdi0F3bzk"></script><script defer="" src="https://i5.walmartimages.com/dfw/63fd9f59-2a88/0f4e2c10-a934-4511-b0b6-8e629aae96e5/v2/en-US/_next/static/chunks/tempo_pov-n-up.8e6e8a23eaec6c11.js" nonce="aVKqljLOdi0F3bzk"></script><script defer="" src="https://i5.walmartimages.com/dfw/63fd9f59-2a88/0f4e2c10-a934-4511-b0b6-8e629aae96e5/v2/en-US/_next/static/chunks/content-pages_category_CustomCopyBlock.7746010481af52a3.js" nonce="aVKqljLOdi0F3bzk"></script><script defer="" src="https://i5.walmartimages.com/dfw/63fd9f59-2a88/0f4e2c10-a934-4511-b0b6-8e629aae96e5/v2/en-US/_next/static/chunks/global-nav_footer_cookie-checker.3720c963656f92fe.js" nonce="aVKqljLOdi0F3bzk"></script><script src="https://i5.walmartimages.com/dfw/63fd9f59-2a88/0f4e2c10-a934-4511-b0b6-8e629aae96e5/v2/en-US/_next/static/chunks/webpack-6ff99812b737ecd3.js" nonce="aVKqljLOdi0F3bzk" defer=""></script><script src="https://i5.walmartimages.com/dfw/63fd9f59-2a88/0f4e2c10-a934-4511-b0b6-8e629aae96e5/v2/en-US/_next/static/chunks/framework-fbf51d978577c6fa.js" nonce="aVKqljLOdi0F3bzk" defer=""></script><script src="https://i5.walmartimages.com/dfw/63fd9f59-2a88/0f4e2c10-a934-4511-b0b6-8e629aae96e5/v2/en-US/_next/static/chunks/main-703ef94972616b35.js" nonce="aVKqljLOdi0F3bzk" defer=""></script><script src="https://i5.walmartimages.com/dfw/63fd9f59-2a88/0f4e2c10-a934-4511-b0b6-8e629aae96e5/v2/en-US/_next/static/chunks/pages/_app-c7a8ae954846ed41.js" nonce="aVKqljLOdi0F3bzk" defer=""></script><script src="https://i5.walmartimages.com/dfw/63fd9f59-2a88/0f4e2c10-a934-4511-b0b6-8e629aae96e5/v2/en-US/_next/static/chunks/node_modules_.pnpm_isomorphic-dompurify@0.13_node_modules_isomorphic-dompurify_browser-40a80efbab37a530.js" nonce="aVKqljLOdi0F3bzk" defer=""></script><script src="https://i5.walmartimages.com/dfw/63fd9f59-2a88/0f4e2c10-a934-4511-b0b6-8e629aae96e5/v2/en-US/_next/static/chunks/node_modules_.pnpm_@walmart+use-safeframe@0.4.0_react@17.0_node_modules_@walmart_use-safeframe_lib_index-29b5da6dfb811bc2.js" nonce="aVKqljLOdi0F3bzk" defer=""></script><script src="https://i5.walmartimages.com/dfw/63fd9f59-2a88/0f4e2c10-a934-4511-b0b6-8e629aae96e5/v2/en-US/_next/static/chunks/ui_horizontal-scroller_locale_messages-5161e79aaf6c01dc.js" nonce="aVKqljLOdi0F3bzk" defer=""></script><script src="https://i5.walmartimages.com/dfw/63fd9f59-2a88/0f4e2c10-a934-4511-b0b6-8e629aae96e5/v2/en-US/_next/static/chunks/ui_horizontal-scroller_horizontal-scroller-6e077a65674c389d.js" nonce="aVKqljLOdi0F3bzk" defer=""></script><script src="https://i5.walmartimages.com/dfw/63fd9f59-2a88/0f4e2c10-a934-4511-b0b6-8e629aae96e5/v2/en-US/_next/static/chunks/ui_product-tile_locale_messages-aa2448d727025643.js" nonce="aVKqljLOdi0F3bzk" defer=""></script><script src="https://i5.walmartimages.com/dfw/63fd9f59-2a88/0f4e2c10-a934-4511-b0b6-8e629aae96e5/v2/en-US/_next/static/chunks/ui_quantity-stepper_quantity-stepper-d449f443b3be4840.js" nonce="aVKqljLOdi0F3bzk" defer=""></script><script src="https://i5.walmartimages.com/dfw/63fd9f59-2a88/0f4e2c10-a934-4511-b0b6-8e629aae96e5/v2/en-US/_next/static/chunks/item_data-access_utils_analytics-f1883b38d79f9198.js" nonce="aVKqljLOdi0F3bzk" defer=""></script><script src="https://i5.walmartimages.com/dfw/63fd9f59-2a88/0f4e2c10-a934-4511-b0b6-8e629aae96e5/v2/en-US/_next/static/chunks/ui_product-tile_hooks_use-on-product-690f22c8d542787f.js" nonce="aVKqljLOdi0F3bzk" defer=""></script><script src="https://i5.walmartimages.com/dfw/63fd9f59-2a88/0f4e2c10-a934-4511-b0b6-8e629aae96e5/v2/en-US/_next/static/chunks/ads_types_ads-cloud-variables-29004e6811cc4aa5.js" nonce="aVKqljLOdi0F3bzk" defer=""></script><script src="https://i5.walmartimages.com/dfw/63fd9f59-2a88/0f4e2c10-a934-4511-b0b6-8e629aae96e5/v2/en-US/_next/static/chunks/cart_add-to-cart_add-to-cart-d482ae410a48caf1.js" nonce="aVKqljLOdi0F3bzk" defer=""></script><script src="https://i5.walmartimages.com/dfw/63fd9f59-2a88/0f4e2c10-a934-4511-b0b6-8e629aae96e5/v2/en-US/_next/static/chunks/ui_product-tile_vertical_product-reward-4feb704d130a8123.js" nonce="aVKqljLOdi0F3bzk" defer=""></script><script src="https://i5.walmartimages.com/dfw/63fd9f59-2a88/0f4e2c10-a934-4511-b0b6-8e629aae96e5/v2/en-US/_next/static/chunks/ui_product-tile_vertical-0cf3a4b9931c802e.js" nonce="aVKqljLOdi0F3bzk" defer=""></script><script src="https://i5.walmartimages.com/dfw/63fd9f59-2a88/0f4e2c10-a934-4511-b0b6-8e629aae96e5/v2/en-US/_next/static/chunks/ads_provider_ads-context-provider-fa8bec0a000c1931.js" nonce="aVKqljLOdi0F3bzk" defer=""></script><script src="https://i5.walmartimages.com/dfw/63fd9f59-2a88/0f4e2c10-a934-4511-b0b6-8e629aae96e5/v2/en-US/_next/static/chunks/ui_product-tile_vertical_product-image-c72f33f6e31f315e.js" nonce="aVKqljLOdi0F3bzk" defer=""></script><script src="https://i5.walmartimages.com/dfw/63fd9f59-2a88/0f4e2c10-a934-4511-b0b6-8e629aae96e5/v2/en-US/_next/static/chunks/wallet_data-access_locale_messages-c0f0bcdf08ef1c21.js" nonce="aVKqljLOdi0F3bzk" defer=""></script><script src="https://i5.walmartimages.com/dfw/63fd9f59-2a88/0f4e2c10-a934-4511-b0b6-8e629aae96e5/v2/en-US/_next/static/chunks/wplus_pause-membership-page_pause-membership-context-838d43c4dad00778.js" nonce="aVKqljLOdi0F3bzk" defer=""></script><script src="https://i5.walmartimages.com/dfw/63fd9f59-2a88/0f4e2c10-a934-4511-b0b6-8e629aae96e5/v2/en-US/_next/static/chunks/ui_pagination_pagination-f22cb60d524d1a87.js" nonce="aVKqljLOdi0F3bzk" defer=""></script><script src="https://i5.walmartimages.com/dfw/63fd9f59-2a88/0f4e2c10-a934-4511-b0b6-8e629aae96e5/v2/en-US/_next/static/chunks/cart_add-to-cart_use-hot-pac-bottom-sheet-6a309b6566d6a734.js" nonce="aVKqljLOdi0F3bzk" defer=""></script><script src="https://i5.walmartimages.com/dfw/63fd9f59-2a88/0f4e2c10-a934-4511-b0b6-8e629aae96e5/v2/en-US/_next/static/chunks/ui_skinny-banner_skinny-banner-35a67a2c49943952.js" nonce="aVKqljLOdi0F3bzk" defer=""></script><script src="https://i5.walmartimages.com/dfw/63fd9f59-2a88/0f4e2c10-a934-4511-b0b6-8e629aae96e5/v2/en-US/_next/static/chunks/repurchase_data-access_repurchase-cloud-variables-db32ec2a9c558529.js" nonce="aVKqljLOdi0F3bzk" defer=""></script><script src="https://i5.walmartimages.com/dfw/63fd9f59-2a88/0f4e2c10-a934-4511-b0b6-8e629aae96e5/v2/en-US/_next/static/chunks/livingdesign_deprecated-components_CardV2-3ef47dfefe47ee0e.js" nonce="aVKqljLOdi0F3bzk" defer=""></script><script src="https://i5.walmartimages.com/dfw/63fd9f59-2a88/0f4e2c10-a934-4511-b0b6-8e629aae96e5/v2/en-US/_next/static/chunks/platform_tempo_components_tempo-layout-cc4d61e184d1973f.js" nonce="aVKqljLOdi0F3bzk" defer=""></script><script src="https://i5.walmartimages.com/dfw/63fd9f59-2a88/0f4e2c10-a934-4511-b0b6-8e629aae96e5/v2/en-US/_next/static/chunks/brand-pages_brand_product-tile-collection-cc32e7a033c09ec8.js" nonce="aVKqljLOdi0F3bzk" defer=""></script><script src="https://i5.walmartimages.com/dfw/63fd9f59-2a88/0f4e2c10-a934-4511-b0b6-8e629aae96e5/v2/en-US/_next/static/chunks/digital-finance_one-debit-card_components_one-debit-card-modal-61002c08a21183f0.js" nonce="aVKqljLOdi0F3bzk" defer=""></script><script src="https://i5.walmartimages.com/dfw/63fd9f59-2a88/0f4e2c10-a934-4511-b0b6-8e629aae96e5/v2/en-US/_next/static/chunks/pages/content/%5B...categoryParams%5D-7b0ae4d1a3749a81.js" nonce="aVKqljLOdi0F3bzk" defer=""></script><script src="https://i5.walmartimages.com/dfw/63fd9f59-2a88/0f4e2c10-a934-4511-b0b6-8e629aae96e5/v2/en-US/_next/static/production_20231214T221012277Z-en-US/_buildManifest.js" nonce="aVKqljLOdi0F3bzk" defer=""></script><script src="https://i5.walmartimages.com/dfw/63fd9f59-2a88/0f4e2c10-a934-4511-b0b6-8e629aae96e5/v2/en-US/_next/static/production_20231214T221012277Z-en-US/_ssgManifest.js" nonce="aVKqljLOdi0F3bzk" defer=""></script><script nonce="aVKqljLOdi0F3bzk">var TBRewriteHostAltWeight = 10.000000;</script><script async="async" defer="defer" src="//i5.walmartimages.com/a14/capabilities.min.js" nonce="aVKqljLOdi0F3bzk"></script></head><body><div id="__next" data-reactroot=""><div><div data-testid="layout-container" class="flex flex-column min-vh-100 shadow-2" style="transform:none;transition:transform .2s"><span data-pcss-show="true" data-testid="global-header" class="sticky bg-secondary w-100 top-0 z-1" style="transition:top 0.65s"><a link-identifier="Generic Name" class="o-0 absolute" tabindex="-1"></a><a link-identifier="Generic Name" class="slider skip-main bg-white-90" href="#maincontent">Skip to Main Content</a><header class="flex items-center justify-center pa3 center-hdkp ph3-hdkp nav-clickable-padded" data-testid="responsiveHeader" style="transition:top 0.65s"><div class="flex items-center justify-center dn-hdkp" style="transition:opacity .3s"><a link-identifier="hamburgerMenu" class="flex items-center b--none bg-transparent mr3 pa0 pointer h3 w3 no-underline white" aria-hidden="false" aria-label="All Departments Menu" href="/all-departments"><i class="ld ld-Menu" style="font-size:1.5rem;vertical-align:-0.25em;width:24px;height:24px;box-sizing:content-box" aria-hidden="true"></i></a><a link-identifier="walmartLogoMobile" class="gold h3 w3 dn-hdkp" aria-hidden="false" aria-label="Walmart Homepage" data-automation-id="header-link-walmartLogo" href="/"><i class="ld ld-Spark" style="font-size:2rem;vertical-align:-0.325em;width:2rem;height:2rem;box-sizing:content-box" aria-hidden="true"></i></a></div><a link-identifier="walmartLogoDesktop" class="dn db-hdkp flex-none pa3 hover-bg-dark-primary pt2" style="border-radius:100px;transition:all 100ms cubic-bezier(0.77, 0, 0.175, 1);height:48px" aria-label="Walmart Homepage" href="/"><img loading="lazy" alt="Walmart" class="db" height="32" src="//i5.walmartimages.com/dfw/63fd9f59-b3e1/7a569e53-f29a-4c3d-bfaf-6f7a158bfadd/v1/walmartLogo.svg" data-automation-id="header-walmartLogo" width="130"/></a><section class="dn db-hdkp"><div class="relative"><button type="button" class="flex items-center no-underline desktop-header-trigger lh-title b ph3 white pointer sans-serif bg-transparent ba b--transparent" style="border-radius:100px;height:48px;transition:all 100ms cubic-bezier(0.77, 0, 0.175, 1)" aria-haspopup="true" aria-expanded="false"><i class="ld ld-Grid pr2" style="font-size:1rem;vertical-align:-0.175em;width:1rem;height:1rem;box-sizing:content-box" aria-hidden="true"></i>Departments</button><div class="absolute bg-white br3 br--bottom left-0 lh-copy mt3 overflow-hidden shadow-1 dn" data-testid="departments-flyout" style="margin-top:20px;left:50%;transform:none;margin-left:-135px;max-height:0"><div></div></div></div></section><section class="dn db-hdkp"><div class="relative"><button type="button" class="flex items-center no-underline desktop-header-trigger lh-title b ph3 white pointer sans-serif bg-transparent ba b--transparent" style="border-radius:100px;height:48px;transition:all 100ms cubic-bezier(0.77, 0, 0.175, 1)" aria-haspopup="true" aria-expanded="false"><i class="ld ld-Services pr2" style="font-size:1rem;vertical-align:-0.175em;width:1rem;height:1rem;box-sizing:content-box" aria-hidden="true"></i>Services</button><div class="absolute bg-white br3 br--bottom left-0 lh-copy mt3 overflow-hidden shadow-1 dn" data-testid="services-flyout" style="margin-top:20px;left:50%;transform:none;margin-left:-135px;max-height:0"><div></div></div></div></section><form action="/search" autocomplete="off" aria-label="Walmart Site-Wide" role="search" class="flex flex-auto items-center justify-center pl3 justify-start-hdkp pa0-hdkp ml3-hdkp static" data-testid="search-form"><div class="flex flex-auto items-center relative"><input type="search" aria-label="Search" aria-activedescendant="" class="flex-auto lh-solid sans-serif search-bar br-pill f5 b--none" name="q" placeholder="Search Walmart" style="padding-left:1.5rem;padding-right:2.5rem" aria-autocomplete="list" aria-haspopup="listbox" autocomplete="off" value="" data-automation-id="header-input-search"/><button aria-label="Clear search field text" class="absolute bn bg-transparent h-100 right-2" style="padding:0 0.75rem;cursor:pointer;opacity:0" type="reset" tabindex="-1" aria-hidden="true"><i class="ld ld-Close" style="font-size:1rem;vertical-align:-0.175em;width:1rem;height:1rem;box-sizing:content-box"></i></button><button aria-label="Search icon" class="absolute bn br-100 search-icon" style="cursor:pointer"><i class="ld ld-Search absolute" style="font-size:1rem;vertical-align:-0.175em;top:50%;left:50%;transform:translate(-50%, -50%);width:1rem;height:1rem;box-sizing:content-box" data-automation-id="search-icon" aria-hidden="true"></i></button></div><button aria-hidden="true" aria-label="Cancel" class="bn bg-transparent mh1 ph2 pv2 pointer sans-serif underline z-1 dn-hdkp clip o-0 white" style="transition:opacity .3s" tabindex="-1" type="button">Cancel</button></form><nav aria-label="My Items, Account and Cart"><ul class="flex ma0 pa0 list"><li class="dn db-hdkp ml3 relative"><a link-identifier="Reorder my items" class="flex items-center no-underline desktop-header-trigger lh-title lh-solid ph3 white" style="border-radius:100px;height:48px;transition:all 100ms cubic-bezier(0.77, 0, 0.175, 1)" aria-haspopup="true" aria-expanded="false" role="button" href="/my-items"><i class="ld ld-Heart pr2" style="font-size:1rem;vertical-align:-0.175em;width:16px;height:1rem;box-sizing:content-box" aria-hidden="true"></i><div class="nowrap"><div class="f7 lh-title">Reorder</div><div class="b">My Items</div></div></a><div class="absolute bg-white br3 br--bottom left-0 lh-copy mt3 overflow-hidden shadow-1 dn" data-testid="my-items-flyout" style="margin-top:20px;left:50%;transform:translateX(-50%)"><div class="ph4 pt4 pb2" data-automation-id="walmart-myitems"><a link-identifier="Reorder" class="dark-gray db f6 no-underline nowrap desktop-header-flyout-link mb3" data-automation-id="walmart-reorder" href="/my-items"><i class="ld ld-Reorder mr2" style="font-size:1rem;vertical-align:-0.175em;width:1rem;height:1rem;box-sizing:content-box"></i>Reorder</a><a link-identifier="Lists" class="dark-gray db f6 no-underline nowrap desktop-header-flyout-link mb3" data-automation-id="walmart-list" href="/lists"><i class="ld ld-Heart mr2" style="font-size:1rem;vertical-align:-0.175em;width:1rem;height:1rem;box-sizing:content-box"></i>Lists</a><a link-identifier="Registries" class="dark-gray db f6 no-underline nowrap desktop-header-flyout-link mb3" href="/my-registries"><i class="ld ld-Gift mr2" style="font-size:1rem;vertical-align:-0.175em;width:1rem;height:1rem;box-sizing:content-box"></i>Registries</a></div></div></li><li class="dn db-hdkp relative"><a link-identifier="Account" class="flex items-center no-underline desktop-header-trigger lh-title lh-solid ph3 white" style="border-radius:100px;height:48px;transition:all 100ms cubic-bezier(0.77, 0, 0.175, 1)" aria-haspopup="true" aria-expanded="false" role="button" href="/account/login?vid=oaoh"><i class="ld ld-User" style="font-size:16px;vertical-align:-0.175em;margin-left:;width:16px;height:16px;box-sizing:content-box" aria-hidden="true"></i><div class="ml2 nowrap" data-automation-id="headerSignIn"><div class="mw3 mw4-hdkp truncate lh-title f7">Sign In</div><div class="b">Account</div></div></a><div class="absolute bg-white br3 br--bottom left-0 lh-copy mt3 overflow-hidden shadow-1 dn" data-testid="account-flyout" style="margin-top:20px;left:50%;transform:translateX(-50%)"><div class="pa4"><button class="w_hhLG w_8nsR w_0_LY db mb3 w-100" type="button" data-testid="sign-in">Sign In</button><button class="w_hhLG w_XK4d w_0_LY db mb3 w-100" type="button" data-automation-id="header-create-account">Create an account</button><div class="mb3"><hr aria-hidden="true" class="w_8Gn9"/></div><a link-identifier="Purchase History" class="dark-gray db f6 no-underline nowrap desktop-header-flyout-link" data-automation-id="headerPurchaseHistory" href="/orders"><i class="ld ld-Receipt mr2" style="font-size:1rem;vertical-align:-0.175em;width:1rem;height:1rem;box-sizing:content-box"></i>Purchase History</a><a link-identifier="Walmart Plus" class="dark-gray db f6 no-underline nowrap desktop-header-flyout-link mt3" href="/plus"><img loading="lazy" class="mr2 f5" src="//i5.walmartimages.com/dfw/63fd9f59-ac39/29c6759d-7f14-49fa-bd3a-b870eb4fb8fb/v1/wplus-icon-blue.svg" alt="Walmart+" height="16" width="16" style="vertical-align:-0.175em"/>Walmart+</a></div></div></li><li aria-hidden="false" class="undefined" style="transition:opacity .3s"><div class="relative"><div class="cart-button ml2 flex justify-center db-hdkp justify-start-hdkp h-auto-hdkp mr4-hdkp flex-column"><button type="button" class="bn bg-transparent br2 flex flex-column items-center pa0 pointer relative sans-serif pa3 justify-center white hover-bg-dark-primary" style="border-radius:100px;transition:all 100ms cubic-bezier(0.77, 0, 0.175, 1);height:48px" id="cart-button-header" data-automation-id="cart-button-header" aria-label="Cart contains 0 items Total Amount $0.00"><i class="ld ld-Cart mr1 white" style="font-size:1.5rem;vertical-align:-0.25em;width:24px;height:24px;box-sizing:content-box"></i><span class="db nowrap" style="font-size:.625rem;visibility:hidden;height:10px;vertical-align:-0.25em;width:30px">$0.00</span></button></div></div></li></ul></nav></header></span><div class="flex flex-column flex-auto relative z-0" aria-hidden="false"><div data-pcss-show="true" class="bg-primary white sticky z-3 gic-wrapper gic-wrapper-top" id="gic-wrapper" data-testid="gic-wrapper" style="min-height:41px;transition:top 0.65s"><hr aria-hidden="true" class="w_8Gn9 banner-divider"/><div data-pcss-hide="true" class="items-center flex flex-auto ph3 ph4-m pv1"><div class="flex items-center h3"><img loading="lazy" alt="Banner title icon" src="https://i5.walmartimages.com/dfwrs/76316474-3850/k2-_c6d4aec7-b4a7-4ea4-9223-07c8daef4fcf.v1.png" width="26" height="26" class="mr2 br-100 v-btm"/><span class="b f6">How do you want your items?</span></div></div></div><div class="flex-auto relative z-1" data-testid="main-content-container"><div class="main-content mw1280 center" id="maincontent" data-testid="maincontent"><div><main class="ph3-l ph4-xl pb4" id="maincontent"><span class="w_iUH7"><h1>Wine</h1></span><div data-testid="flex-container" class="flex undefined flex-column h-100"><div class="h-100 relative"><div data-testid="flex-container" class="flex undefined flex-column h-100"><div class="h-100 relative"><div class="ma3"><section><div data-testid="skinny-banner"><div class="w-100"><div class="flex flex-column items-center justify-center w-100 br3 overflow-hidden pv4 relative" style="height:221px"><img loading="eager" aria-hidden="true" alt="Get alcohol delivery from select stores, Stock up for all your holiday hosting.  Shop now" height="221px" src="https://i5.walmartimages.com/dfw/4ff9c6c9-758f/k2-_ec549d54-1a9d-4d50-9f05-c5bced9e1205.v1.jpg" style="object-fit:contain" width="auto"/><div style="max-width:752px" class="flex flex-column items-center justify-center ph3 absolute"><div class="flex items-center"><span class="flex justify-center"><div class="flex"><div aria-label="Get alcohol delivery from select stores"><span class="b f1-ns f2-m mb2 f-subheadline-l" style="color:#0B0200" aria-hidden="true">Get alcohol delivery from select stores</span></div></div></span></div><span class="tc f6 f4-m pb2-m" style="color:#000000;max-width:540px" aria-hidden="false">Stock up for all your holiday hosting. </span><span class="flex justify-center justify-start-m pt2"><span class="flex self-center ph3 mh1"><a link-identifier="Learn more" class="flex h2-m pointer underline mh1-m f4-m f6" style="color:#000000" href="/cp/about-alcohol/3856625?povid=976759_skinnybanner_8604954_Getalcoholdeliveryfromselectstores_LearnMore_Rweb_Dec_06">Learn more</a></span></span></div></div></div></div></section></div> <div class="mv3 mv4-xl mh3 mb4-xl mb3 mr3-m mh0-l bb b--near-white" data-testid="HubSpokesNxM" id="HubSpokesNxM"><section><header class="flex justify-between items-baseline"><h2 class="w_kV33 w_Sl3f w_mvVb lh-title ma0">Shop by wine category</h2><button class="w_hhLG w_DZvO w_0_LY dn db-l pa0 lh-title h-auto" type="button">See less</button></header><div class="w_KPWk w_GxNv" role="list" id="Hubspokes4orNxMGrid"><div class="w_aoqv w_wRee w_EP2w w_myuK tc mt3 content-between flex-grow-0" role="listitem" id="GridColumn-0"><a link-identifier="be151e52-35f3-4618-ab48-fd37e9dcad70" class="no-underline sans-serif flex flex-column items-center" href="https://www.walmart.com/browse/food/red-wine/976759_2975985_8604954_5084212?povid=976759_hubspoke_8604954_Shopbywinetype_Redwine_Rweb_Oct_27"><img loading="lazy" srcset="https://i5.walmartimages.com/dfw/4ff9c6c9-3b23/k2-_c02783f3-d9ee-46e0-b52b-1f3e2648c05c.v1.jpg?odnHeight=290&amp;odnWidth=290&amp;odnBg=FFFFFF 1x," src="https://i5.walmartimages.com/dfw/4ff9c6c9-3b23/k2-_c02783f3-d9ee-46e0-b52b-1f3e2648c05c.v1.jpg?odnHeight=290&amp;odnWidth=290&amp;odnBg=FFFFFF" alt="" class="w-100 h-auto" width="290" height="290" style="width:;height:;max-width:290px"/><div class="w-100 tc"><span class="ma0 mid-gray lh-copy f5-l w_V_DM" style="height:">Red wine</span></div></a></div><div class="w_aoqv w_wRee w_EP2w w_myuK tc mt3 content-between flex-grow-0" role="listitem" id="GridColumn-1"><a link-identifier="4d1f2b0e-1758-464b-94a9-f0e2af16c2f2" class="no-underline sans-serif flex flex-column items-center" href="https://www.walmart.com/browse/food/white-wine/976759_2975985_8604954_8749992?povid=976759_hubspoke_8604954_Shopbywinetype_Whitewine_Rweb_Oct_27"><img loading="lazy" srcset="https://i5.walmartimages.com/dfw/4ff9c6c9-445d/k2-_fccde170-a5a4-4f46-8129-feb50f6bb490.v1.jpg?odnHeight=290&amp;odnWidth=290&amp;odnBg=FFFFFF 1x," src="https://i5.walmartimages.com/dfw/4ff9c6c9-445d/k2-_fccde170-a5a4-4f46-8129-feb50f6bb490.v1.jpg?odnHeight=290&amp;odnWidth=290&amp;odnBg=FFFFFF" alt="" class="w-100 h-auto" width="290" height="290" style="width:;height:;max-width:290px"/><div class="w-100 tc"><span class="ma0 mid-gray lh-copy f5-l w_V_DM" style="height:">White wine</span></div></a></div><div class="w_aoqv w_wRee w_EP2w w_myuK tc mt3 content-between flex-grow-0" role="listitem" id="GridColumn-2"><a link-identifier="779d56b3-ebed-4046-bb30-9f1c856d5230" class="no-underline sans-serif flex flex-column items-center" href="https://www.walmart.com/browse/food/blush-wine/976759_2975985_8604954_4693550?povid=976759_hubspoke_8604954_Shopbywinetype_Blushandrosewine_Rweb_Oct_27"><img loading="lazy" srcset="https://i5.walmartimages.com/dfw/4ff9c6c9-3947/k2-_a81aad30-b47f-4c83-ab4f-4ec2820481ab.v1.jpg?odnHeight=290&amp;odnWidth=290&amp;odnBg=FFFFFF 1x," src="https://i5.walmartimages.com/dfw/4ff9c6c9-3947/k2-_a81aad30-b47f-4c83-ab4f-4ec2820481ab.v1.jpg?odnHeight=290&amp;odnWidth=290&amp;odnBg=FFFFFF" alt="" class="w-100 h-auto" width="290" height="290" style="width:;height:;max-width:290px"/><div class="w-100 tc"><span class="ma0 mid-gray lh-copy f5-l w_V_DM" style="height:">Blush &amp; rosé wine</span></div></a></div><div class="w_aoqv w_wRee w_EP2w w_myuK tc mt3 content-between flex-grow-0" role="listitem" id="GridColumn-3"><a link-identifier="f3698db2-6ac8-4305-a80e-cd0f50d45570" class="no-underline sans-serif flex flex-column items-center" href="https://www.walmart.com/browse/food/sparkling-wine/976759_2975985_8604954_2790604?povid=976759_hubspoke_8604954_Shopbywinetype_Champagneandsparklingwine_Rweb_Oct_27"><img loading="lazy" srcset="https://i5.walmartimages.com/dfw/4ff9c6c9-be5b/k2-_bae3bb09-0e0d-45be-9605-965a67c43235.v1.jpg?odnHeight=290&amp;odnWidth=290&amp;odnBg=FFFFFF 1x," src="https://i5.walmartimages.com/dfw/4ff9c6c9-be5b/k2-_bae3bb09-0e0d-45be-9605-965a67c43235.v1.jpg?odnHeight=290&amp;odnWidth=290&amp;odnBg=FFFFFF" alt="" class="w-100 h-auto" width="290" height="290" style="width:;height:;max-width:290px"/><div class="w-100 tc"><span class="ma0 mid-gray lh-copy f5-l w_V_DM" style="height:">Champagne &amp; sparkling wine</span></div></a></div><div class="w_aoqv w_wRee w_EP2w w_myuK tc mt3 content-between flex-grow-0" role="listitem" id="GridColumn-4"><a link-identifier="ea0d10fc-abec-4a9d-a5ee-6bc580b92acf" class="no-underline sans-serif flex flex-column items-center" href="https://www.walmart.com/browse/specialty-wine/0/0/?_refineresult=true&amp;_be_shelf_id=8768199&amp;search_sort=100&amp;facet=shelf_id:8768199&amp;povid=976759_hubspoke_8604954_Shopbywinetype_Sakeandspecialtywine_Rweb_Oct_27"><img loading="lazy" srcset="https://i5.walmartimages.com/dfw/4ff9c6c9-df00/k2-_3954241d-6a24-4cb4-841f-64b96a214819.v1.jpg?odnHeight=290&amp;odnWidth=290&amp;odnBg=FFFFFF 1x," src="https://i5.walmartimages.com/dfw/4ff9c6c9-df00/k2-_3954241d-6a24-4cb4-841f-64b96a214819.v1.jpg?odnHeight=290&amp;odnWidth=290&amp;odnBg=FFFFFF" alt="" class="w-100 h-auto" width="290" height="290" style="width:;height:;max-width:290px"/><div class="w-100 tc"><span class="ma0 mid-gray lh-copy f5-l w_V_DM" style="height:">Saké &amp; specialty wine</span></div></a></div><div class="w_aoqv w_wRee w_EP2w w_myuK tc mt3 content-between flex-grow-0" role="listitem" id="GridColumn-5"><a link-identifier="592bce22-7c3e-4959-84ec-ed15c65a76b9" class="no-underline sans-serif flex flex-column items-center" href="https://www.walmart.com/browse/boxed-wine/0/0/?_refineresult=true&amp;_be_shelf_id=6791951&amp;search_sort=100&amp;facet=shelf_id:6791951&amp;povid=976759_hubspoke_8604954_Shopbywinetype_Boxedwine_Rweb_Oct_27"><img loading="lazy" srcset="https://i5.walmartimages.com/dfw/4ff9c6c9-82f9/k2-_921984c8-f977-4bb6-a8eb-5b4316fe5a47.v1.jpg?odnHeight=290&amp;odnWidth=290&amp;odnBg=FFFFFF 1x," src="https://i5.walmartimages.com/dfw/4ff9c6c9-82f9/k2-_921984c8-f977-4bb6-a8eb-5b4316fe5a47.v1.jpg?odnHeight=290&amp;odnWidth=290&amp;odnBg=FFFFFF" alt="" class="w-100 h-auto" width="290" height="290" style="width:;height:;max-width:290px"/><div class="w-100 tc"><span class="ma0 mid-gray lh-copy f5-l w_V_DM" style="height:">Boxed wine</span></div></a></div><div class="w_aoqv w_wRee w_EP2w w_myuK tc mt3 content-between flex-grow-0" role="listitem" id="GridColumn-6"><a link-identifier="c22169b5-7ef0-4573-8711-340ac5285da5" class="no-underline sans-serif flex flex-column items-center" href="https://www.walmart.com/browse/convenience-wine/c2hlbGZfaWQ6Mjg2OTA2OQieie?povid=976759_hubspoke_8604954_Shopbywinetype_Cannedandconveniencewine_Rweb_Oct_27"><img loading="lazy" srcset="https://i5.walmartimages.com/dfw/4ff9c6c9-a444/k2-_823a7de9-ea7e-4291-9fe9-74dfdf9d4e8f.v1.jpg?odnHeight=290&amp;odnWidth=290&amp;odnBg=FFFFFF 1x," src="https://i5.walmartimages.com/dfw/4ff9c6c9-a444/k2-_823a7de9-ea7e-4291-9fe9-74dfdf9d4e8f.v1.jpg?odnHeight=290&amp;odnWidth=290&amp;odnBg=FFFFFF" alt="" class="w-100 h-auto" width="290" height="290" style="width:;height:;max-width:290px"/><div class="w-100 tc"><span class="ma0 mid-gray lh-copy f5-l w_V_DM" style="height:">Canned &amp; convenience wine</span></div></a></div><div class="w_aoqv w_wRee w_EP2w w_myuK tc mt3 content-between flex-grow-0" role="listitem" id="GridColumn-7"><a link-identifier="13dc15b8-0a3d-468b-b38f-68efe5a66ba2" class="no-underline sans-serif flex flex-column items-center" href="https://www.walmart.com/browse/976759_2975985_8604954?povid=976759_hubspoke_8604954_Shopbywinetype_Shopallwine_Rweb_Oct_27"><img loading="lazy" srcset="https://i5.walmartimages.com/dfw/4ff9c6c9-39e7/k2-_f4dfeebb-bd55-4f4f-8f08-1c75966bbbfd.v1.jpg?odnHeight=290&amp;odnWidth=290&amp;odnBg=FFFFFF 1x," src="https://i5.walmartimages.com/dfw/4ff9c6c9-39e7/k2-_f4dfeebb-bd55-4f4f-8f08-1c75966bbbfd.v1.jpg?odnHeight=290&amp;odnWidth=290&amp;odnBg=FFFFFF" alt="" class="w-100 h-auto" width="290" height="290" style="width:;height:;max-width:290px"/><div class="w-100 tc"><span class="ma0 mid-gray lh-copy f5-l w_V_DM" style="height:">Shop all wine</span></div></a></div></div><button class="w_hhLG w_XK4d w_lgOn w_0_LY mt3 dn-l" type="button">See less<span class="w_DJtv"><i class="ld ld-ChevronUp" style="font-size:1rem;vertical-align:-0.175em;width:1rem;height:1rem;box-sizing:content-box"></i></span></button></section></div> <div class="mv3 mv4-xl ml3 ml0-l bb b--near-white"><section><section><header class="flex justify-between mb3 mb2-m pr3 pr4-m pr0-xl items-baseline"><section style="flex:1"><div><div><div class="inline-flex "><h2 class="f4 f3-m lh-title ma0 ">Seasonal wine</h2></div></div></div></section></header><div class="flex flex-column justify-center relative" data-testid="horizontal-scroller-Product Carousel"><a link-identifier="horizontalScrollerPrevious" class="absolute dn z-5 bg-white br-100 pa0 pointer hidden-child br-100 nav-control left-1" aria-label="Previous slide for Product Carousel list" data-testid="horizontal-scroller-previous" role="button"><i class="ld ld-ChevronLeft" style="font-size:1.5rem;vertical-align:-0.25em;padding:12px;width:1.5rem;height:1.5rem;box-sizing:content-box"></i></a><ul style="display:grid;grid-auto-flow:column;scroll-snap-type:x mandatory;max-height:fit-content" class="list ma0 pl0 overflow-x-scroll hidesb hidesb-wk relative overflow-y-hidden carousel-peek-2 carousel-6-l carousel-3-m pr3-m" data-testid="carousel-container"><li class="flex flex-column items-center pa1 pr2 pb2" data-slide="0"><div role="group" data-item-id="164031908" class="sans-serif mid-gray relative flex flex-column w-100 h-100 hide-child-opacity" data-testid="product-tile-0" aria-label="Product"><a link-identifier="164031908" class="absolute w-100 h-100 z-1 hide-sibling-opacity" target="" href="/ip/Decoy-Cabernet-Sauvignon-Wine-750-ml-Bottle/164031908?athcpid=164031908&amp;athpgid=AthenaContentPage_8604954&amp;athcgid=null&amp;athznid=ItemCarousel_d5cfaf21-fd81-4402-bcb3-aa52908d5fac_items&amp;athieid=v0&amp;athstid=CS020&amp;athguid=fZ0TNvxS86RnhOIMqZXwWGGGu40sBHjwnBkn&amp;athancid=null&amp;athena=true"><span class="w_iUH7"><h3>Decoy Cabernet Sauvignon Wine, 750 ml, Bottle</h3></span></a><div class="h2 relative mv2"></div><div class="relative"><div class="relative overflow-hidden" style="max-width:226px;height:0;padding-bottom:min(226px, 100%);align-self:center;width:min(226px, 100%)"><img loading="lazy" srcset="https://i5.walmartimages.com/asr/3e59b71a-924c-4b87-b14f-0221e778d4c6.d52ef83baa118c60c3b543f055c3b86b.jpeg?odnHeight=226&amp;odnWidth=226&amp;odnBg=FFFFFF 1x, https://i5.walmartimages.com/asr/3e59b71a-924c-4b87-b14f-0221e778d4c6.d52ef83baa118c60c3b543f055c3b86b.jpeg?odnHeight=576&amp;odnWidth=576&amp;odnBg=FFFFFF 2x" src="https://i5.walmartimages.com/asr/3e59b71a-924c-4b87-b14f-0221e778d4c6.d52ef83baa118c60c3b543f055c3b86b.jpeg?odnHeight=576&amp;odnWidth=576&amp;odnBg=FFFFFF" width="" height="" class="absolute top-0 left-0" data-testid="productTileImage" alt="Decoy Cabernet Sauvignon Wine, 750 ml, Bottle"/></div><div class="z-2 absolute bottom--1"><div class="relative dib" data-id="164031908"><button class="w_hhLG w_8nsR w_jDfj pointer bn sans-serif b ph2 flex items-center justify-center w-auto shadow-1" type="button" data-pcss-hide="true" data-automation-id="add-to-cart" aria-label="Add to cart - Decoy Cabernet Sauvignon Wine, 750 ml, Bottle"><i class="ld ld-Plus" style="font-size:1.5rem;vertical-align:-0.25em;width:1.5rem;height:1.5rem;box-sizing:content-box" title="add to cart"></i><span class="mr2">Add</span></button></div></div></div><div class="mt5 mb0" style="height:24px" data-testid="variant-164031908"></div><div data-automation-id="product-price" class="flex flex-wrap justify-start items-center lh-title mb1-m"><div class="mr1 mr2-xl b black lh-copy f5 f4-l" aria-hidden="true">$19.98</div><span class="w_iUH7">current price $19.98</span><div class="gray mr1 f7 f6-l">78.7 ¢/fl oz</div></div><span class=""><span class="w_V_DM" style="-webkit-line-clamp:3;padding-bottom:0em;margin-bottom:-0em"><span data-automation-id="product-title" class="normal dark-gray mb0 mt1 lh-title f6 f5-l">Decoy Cabernet Sauvignon Wine, 750 ml, Bottle</span></span></span><div class="flex items-center mt2"><span class="black inline-flex mr1" data-testid="product-ratings" data-value="4.7"><i class="ld ld-StarFill" style="font-size:12px;vertical-align:-0.175em;width:12px;height:12px;box-sizing:content-box" aria-hidden="true"></i><i class="ld ld-StarFill" style="font-size:12px;vertical-align:-0.175em;width:12px;height:12px;box-sizing:content-box" aria-hidden="true"></i><i class="ld ld-StarFill" style="font-size:12px;vertical-align:-0.175em;width:12px;height:12px;box-sizing:content-box" aria-hidden="true"></i><i class="ld ld-StarFill" style="font-size:12px;vertical-align:-0.175em;width:12px;height:12px;box-sizing:content-box" aria-hidden="true"></i><i class="ld ld-StarHalf" style="font-size:12px;vertical-align:-0.175em;width:12px;height:12px;box-sizing:content-box" aria-hidden="true"></i></span><span class="sans-serif gray f7" aria-hidden="true" data-testid="product-reviews" data-value="28">28</span><span class="w_iUH7">4.7 out of 5 Stars. 28 reviews</span></div><div></div><div class="mb2 mt2"><span class="w_iUH7">Available for Pickup or Delivery</span><span class="w_VbBP w_mFV6 w_I_19 w_3oNC w_AAn7 mr1 mt1 ph1" aria-hidden="true">Pickup</span><span class="w_VbBP w_mFV6 w_I_19 w_3oNC w_AAn7 mr1 mt1 ph1" aria-hidden="true">Delivery</span></div></div></li><li class="flex flex-column items-center pa1 pr2 pb2" data-slide="1"><div role="group" data-item-id="191420088" class="sans-serif mid-gray relative flex flex-column w-100 h-100 hide-child-opacity" data-testid="product-tile-1" aria-label="Product"><a link-identifier="191420088" class="absolute w-100 h-100 z-1 hide-sibling-opacity" target="" href="/ip/Josh-Cellars-Cabernet-Sauvignon-Wine-750-ml-Bottle/191420088?athcpid=191420088&amp;athpgid=AthenaContentPage_8604954&amp;athcgid=null&amp;athznid=ItemCarousel_d5cfaf21-fd81-4402-bcb3-aa52908d5fac_items&amp;athieid=v0&amp;athstid=CS020&amp;athguid=fZ0TNvxS86RnhOIMqZXwWGGGu40sBHjwnBkn&amp;athancid=null&amp;athena=true&amp;athbdg=L1600"><span class="w_iUH7"><h3>Josh Cellars Cabernet Sauvignon Wine, 750 ml, Bottle</h3></span></a><div class="h2 relative mv2"><span class="w_VbBP w_mFV6 w_awtt w_3oNC w_3H8O tag-leading-badge absolute">Best seller</span></div><div class="relative"><div class="relative overflow-hidden" style="max-width:226px;height:0;padding-bottom:min(226px, 100%);align-self:center;width:min(226px, 100%)"><img loading="lazy" srcset="https://i5.walmartimages.com/asr/be5cc703-fe0a-49da-9db0-5bd9c563068b.0cd946b034bc3fca345ac7c6b3b6c5a6.jpeg?odnHeight=226&amp;odnWidth=226&amp;odnBg=FFFFFF 1x, https://i5.walmartimages.com/asr/be5cc703-fe0a-49da-9db0-5bd9c563068b.0cd946b034bc3fca345ac7c6b3b6c5a6.jpeg?odnHeight=576&amp;odnWidth=576&amp;odnBg=FFFFFF 2x" src="https://i5.walmartimages.com/asr/be5cc703-fe0a-49da-9db0-5bd9c563068b.0cd946b034bc3fca345ac7c6b3b6c5a6.jpeg?odnHeight=576&amp;odnWidth=576&amp;odnBg=FFFFFF" width="" height="" class="absolute top-0 left-0" data-testid="productTileImage" alt="Josh Cellars Cabernet Sauvignon Wine, 750 ml, Bottle"/></div><div class="z-2 absolute bottom--1"><div class="relative dib" data-id="191420088"><button class="w_hhLG w_8nsR w_jDfj pointer bn sans-serif b ph2 flex items-center justify-center w-auto shadow-1" type="button" data-pcss-hide="true" data-automation-id="add-to-cart" aria-label="Add to cart - Josh Cellars Cabernet Sauvignon Wine, 750 ml, Bottle"><i class="ld ld-Plus" style="font-size:1.5rem;vertical-align:-0.25em;width:1.5rem;height:1.5rem;box-sizing:content-box" title="add to cart"></i><span class="mr2">Add</span></button></div></div></div><div class="mt5 mb0" style="height:24px" data-testid="variant-191420088"></div><div data-automation-id="product-price" class="flex flex-wrap justify-start items-center lh-title mb1-m"><div class="mr1 mr2-xl b black lh-copy f5 f4-l" aria-hidden="true">$14.98</div><span class="w_iUH7">current price $14.98</span><div class="gray mr1 f7 f6-l">59.1 ¢/fl oz</div></div><span class=""><span class="w_V_DM" style="-webkit-line-clamp:3;padding-bottom:0em;margin-bottom:-0em"><span data-automation-id="product-title" class="normal dark-gray mb0 mt1 lh-title f6 f5-l">Josh Cellars Cabernet Sauvignon Wine, 750 ml, Bottle</span></span></span><div class="flex items-center mt2"><span class="black inline-flex mr1" data-testid="product-ratings" data-value="4.7"><i class="ld ld-StarFill" style="font-size:12px;vertical-align:-0.175em;width:12px;height:12px;box-sizing:content-box" aria-hidden="true"></i><i class="ld ld-StarFill" style="font-size:12px;vertical-align:-0.175em;width:12px;height:12px;box-sizing:content-box" aria-hidden="true"></i><i class="ld ld-StarFill" style="font-size:12px;vertical-align:-0.175em;width:12px;height:12px;box-sizing:content-box" aria-hidden="true"></i><i class="ld ld-StarFill" style="font-size:12px;vertical-align:-0.175em;width:12px;height:12px;box-sizing:content-box" aria-hidden="true"></i><i class="ld ld-StarHalf" style="font-size:12px;vertical-align:-0.175em;width:12px;height:12px;box-sizing:content-box" aria-hidden="true"></i></span><span class="sans-serif gray f7" aria-hidden="true" data-testid="product-reviews" data-value="225">225</span><span class="w_iUH7">4.7 out of 5 Stars. 225 reviews</span></div><div></div><div class="mb2 mt2"><span class="w_iUH7">Available for Pickup or Delivery</span><span class="w_VbBP w_mFV6 w_I_19 w_3oNC w_AAn7 mr1 mt1 ph1" aria-hidden="true">Pickup</span><span class="w_VbBP w_mFV6 w_I_19 w_3oNC w_AAn7 mr1 mt1 ph1" aria-hidden="true">Delivery</span></div></div></li><li class="flex flex-column items-center pa1 pr2 pb2" data-slide="2"><div role="group" data-item-id="185231322" class="sans-serif mid-gray relative flex flex-column w-100 h-100 hide-child-opacity" data-testid="product-tile-2" aria-label="Product"><a link-identifier="185231322" class="absolute w-100 h-100 z-1 hide-sibling-opacity" target="" href="/ip/Meiomi-California-Pinot-Noir-Red-Wine-750-ml-Bottle-13-5-ABV/185231322?athcpid=185231322&amp;athpgid=AthenaContentPage_8604954&amp;athcgid=null&amp;athznid=ItemCarousel_d5cfaf21-fd81-4402-bcb3-aa52908d5fac_items&amp;athieid=v0&amp;athstid=CS020&amp;athguid=fZ0TNvxS86RnhOIMqZXwWGGGu40sBHjwnBkn&amp;athancid=null&amp;athena=true&amp;athbdg=L1600"><span class="w_iUH7"><h3>Meiomi California Pinot Noir Red Wine, 750 ml Bottle, 13.5% ABV</h3></span></a><div class="h2 relative mv2"><span class="w_VbBP w_mFV6 w_awtt w_3oNC w_3H8O tag-leading-badge absolute">Best seller</span></div><div class="relative"><div class="relative overflow-hidden" style="max-width:226px;height:0;padding-bottom:min(226px, 100%);align-self:center;width:min(226px, 100%)"><img loading="lazy" srcset="https://i5.walmartimages.com/asr/598f75e3-426c-4dd3-99b9-de4592aa1d2b.3f4bfb2ec49ce300d354f5cdb5bc1e0b.jpeg?odnHeight=226&amp;odnWidth=226&amp;odnBg=FFFFFF 1x, https://i5.walmartimages.com/asr/598f75e3-426c-4dd3-99b9-de4592aa1d2b.3f4bfb2ec49ce300d354f5cdb5bc1e0b.jpeg?odnHeight=576&amp;odnWidth=576&amp;odnBg=FFFFFF 2x" src="https://i5.walmartimages.com/asr/598f75e3-426c-4dd3-99b9-de4592aa1d2b.3f4bfb2ec49ce300d354f5cdb5bc1e0b.jpeg?odnHeight=576&amp;odnWidth=576&amp;odnBg=FFFFFF" width="" height="" class="absolute top-0 left-0" data-testid="productTileImage" alt="Meiomi California Pinot Noir Red Wine, 750 ml Bottle, 13.5% ABV"/></div><div class="z-2 absolute bottom--1"><div class="relative dib" data-id="185231322"><button class="w_hhLG w_8nsR w_jDfj pointer bn sans-serif b ph2 flex items-center justify-center w-auto shadow-1" type="button" data-pcss-hide="true" data-automation-id="add-to-cart" aria-label="Add to cart - Meiomi California Pinot Noir Red Wine, 750 ml Bottle, 13.5% ABV"><i class="ld ld-Plus" style="font-size:1.5rem;vertical-align:-0.25em;width:1.5rem;height:1.5rem;box-sizing:content-box" title="add to cart"></i><span class="mr2">Add</span></button></div></div></div><div class="mt5 mb0" style="height:24px" data-testid="variant-185231322"></div><div data-automation-id="product-price" class="flex flex-wrap justify-start items-center lh-title mb1-m"><div class="mr1 mr2-xl b black lh-copy f5 f4-l" aria-hidden="true">$17.98</div><span class="w_iUH7">current price $17.98</span><div class="gray mr1 f7 f6-l">70.9 ¢/fl oz</div></div><span class=""><span class="w_V_DM" style="-webkit-line-clamp:3;padding-bottom:0em;margin-bottom:-0em"><span data-automation-id="product-title" class="normal dark-gray mb0 mt1 lh-title f6 f5-l">Meiomi California Pinot Noir Red Wine, 750 ml Bottle, 13.5% ABV</span></span></span><div class="flex items-center mt2"><span class="black inline-flex mr1" data-testid="product-ratings" data-value="4.8"><i class="ld ld-StarFill" style="font-size:12px;vertical-align:-0.175em;width:12px;height:12px;box-sizing:content-box" aria-hidden="true"></i><i class="ld ld-StarFill" style="font-size:12px;vertical-align:-0.175em;width:12px;height:12px;box-sizing:content-box" aria-hidden="true"></i><i class="ld ld-StarFill" style="font-size:12px;vertical-align:-0.175em;width:12px;height:12px;box-sizing:content-box" aria-hidden="true"></i><i class="ld ld-StarFill" style="font-size:12px;vertical-align:-0.175em;width:12px;height:12px;box-sizing:content-box" aria-hidden="true"></i><i class="ld ld-StarFill" style="font-size:12px;vertical-align:-0.175em;width:12px;height:12px;box-sizing:content-box" aria-hidden="true"></i></span><span class="sans-serif gray f7" aria-hidden="true" data-testid="product-reviews" data-value="418">418</span><span class="w_iUH7">4.8 out of 5 Stars. 418 reviews</span></div><div></div><div class="mb2 mt2"><span class="w_iUH7">Available for Pickup or Delivery</span><span class="w_VbBP w_mFV6 w_I_19 w_3oNC w_AAn7 mr1 mt1 ph1" aria-hidden="true">Pickup</span><span class="w_VbBP w_mFV6 w_I_19 w_3oNC w_AAn7 mr1 mt1 ph1" aria-hidden="true">Delivery</span></div></div></li><li class="flex flex-column items-center pa1 pr2 pb2" data-slide="3"><div role="group" data-item-id="263375609" class="sans-serif mid-gray relative flex flex-column w-100 h-100 hide-child-opacity" data-testid="product-tile-3" aria-label="Product"><a link-identifier="263375609" class="absolute w-100 h-100 z-1 hide-sibling-opacity" target="" href="/ip/Lionne-Royale-France-Special-Reserve-Brut-Champagne-750-ml/263375609?athcpid=263375609&amp;athpgid=AthenaContentPage_8604954&amp;athcgid=null&amp;athznid=ItemCarousel_d5cfaf21-fd81-4402-bcb3-aa52908d5fac_items&amp;athieid=v0&amp;athstid=CS020&amp;athguid=fZ0TNvxS86RnhOIMqZXwWGGGu40sBHjwnBkn&amp;athancid=null&amp;athena=true"><span class="w_iUH7"><h3>Lionne Royale France Special Reserve Brut Champagne 750 ml</h3></span></a><div class="h2 relative mv2"></div><div class="relative"><div class="relative overflow-hidden" style="max-width:226px;height:0;padding-bottom:min(226px, 100%);align-self:center;width:min(226px, 100%)"><img loading="lazy" srcset="https://i5.walmartimages.com/asr/063ed43c-c1ce-4e03-b32a-e0d087b7a99e.c2e9ebf83f7a160c5822515b09881168.jpeg?odnHeight=226&amp;odnWidth=226&amp;odnBg=FFFFFF 1x, https://i5.walmartimages.com/asr/063ed43c-c1ce-4e03-b32a-e0d087b7a99e.c2e9ebf83f7a160c5822515b09881168.jpeg?odnHeight=576&amp;odnWidth=576&amp;odnBg=FFFFFF 2x" src="https://i5.walmartimages.com/asr/063ed43c-c1ce-4e03-b32a-e0d087b7a99e.c2e9ebf83f7a160c5822515b09881168.jpeg?odnHeight=576&amp;odnWidth=576&amp;odnBg=FFFFFF" width="" height="" class="absolute top-0 left-0" data-testid="productTileImage" alt="Lionne Royale France Special Reserve Brut Champagne 750 ml"/></div><div class="z-2 absolute bottom--1"><div class="relative dib" data-id="263375609"><button class="w_hhLG w_8nsR w_jDfj pointer bn sans-serif b ph2 flex items-center justify-center w-auto shadow-1" type="button" data-pcss-hide="true" data-automation-id="add-to-cart" aria-label="Add to cart - Lionne Royale France Special Reserve Brut Champagne 750 ml"><i class="ld ld-Plus" style="font-size:1.5rem;vertical-align:-0.25em;width:1.5rem;height:1.5rem;box-sizing:content-box" title="add to cart"></i><span class="mr2">Add</span></button></div></div></div><div class="mt5 mb0" style="height:24px" data-testid="variant-263375609"></div><div data-automation-id="product-price" class="flex flex-wrap justify-start items-center lh-title mb1-m"><div class="mr1 mr2-xl b black lh-copy f5 f4-l" aria-hidden="true">$34.96</div><span class="w_iUH7">current price $34.96</span><div class="gray mr1 f7 f6-l">$1.38/fl oz</div></div><span class=""><span class="w_V_DM" style="-webkit-line-clamp:3;padding-bottom:0em;margin-bottom:-0em"><span data-automation-id="product-title" class="normal dark-gray mb0 mt1 lh-title f6 f5-l">Lionne Royale France Special Reserve Brut Champagne 750 ml</span></span></span><div class="flex items-center mt2"><span class="black inline-flex mr1" data-testid="product-ratings" data-value="5"><i class="ld ld-StarFill" style="font-size:12px;vertical-align:-0.175em;width:12px;height:12px;box-sizing:content-box" aria-hidden="true"></i><i class="ld ld-StarFill" style="font-size:12px;vertical-align:-0.175em;width:12px;height:12px;box-sizing:content-box" aria-hidden="true"></i><i class="ld ld-StarFill" style="font-size:12px;vertical-align:-0.175em;width:12px;height:12px;box-sizing:content-box" aria-hidden="true"></i><i class="ld ld-StarFill" style="font-size:12px;vertical-align:-0.175em;width:12px;height:12px;box-sizing:content-box" aria-hidden="true"></i><i class="ld ld-StarFill" style="font-size:12px;vertical-align:-0.175em;width:12px;height:12px;box-sizing:content-box" aria-hidden="true"></i></span><span class="sans-serif gray f7" aria-hidden="true" data-testid="product-reviews" data-value="1">1</span><span class="w_iUH7">5 out of 5 Stars. 1 reviews</span></div><div></div><div class="mb2 mt2"><span class="w_iUH7">Available for Pickup or Delivery</span><span class="w_VbBP w_mFV6 w_I_19 w_3oNC w_AAn7 mr1 mt1 ph1" aria-hidden="true">Pickup</span><span class="w_VbBP w_mFV6 w_I_19 w_3oNC w_AAn7 mr1 mt1 ph1" aria-hidden="true">Delivery</span></div></div></li><li class="flex flex-column items-center pa1 pr2 pb2" data-slide="4"><div role="group" data-item-id="689374150" class="sans-serif mid-gray relative flex flex-column w-100 h-100 hide-child-opacity" data-testid="product-tile-4" aria-label="Product"><a link-identifier="689374150" class="absolute w-100 h-100 z-1 hide-sibling-opacity" target="" href="/ip/Barefoot-Refresh-Rose-Moscato-Wine-Spritzer-California-4-Pack-4-250ml-Single-Serve-Cans/689374150?athcpid=689374150&amp;athpgid=AthenaContentPage_8604954&amp;athcgid=null&amp;athznid=ItemCarousel_d5cfaf21-fd81-4402-bcb3-aa52908d5fac_items&amp;athieid=v0&amp;athstid=CS020&amp;athguid=fZ0TNvxS86RnhOIMqZXwWGGGu40sBHjwnBkn&amp;athancid=null&amp;athena=true"><span class="w_iUH7"><h3>Barefoot Refresh Rose Moscato Wine Spritzer, California, 4 Pack, 4 250ml Single Serve Cans</h3></span></a><div class="h2 relative mv2"></div><div class="relative"><div class="relative overflow-hidden" style="max-width:226px;height:0;padding-bottom:min(226px, 100%);align-self:center;width:min(226px, 100%)"><img loading="lazy" srcset="https://i5.walmartimages.com/asr/ee840d7b-7a8b-4eac-a8df-3364f1c5abe0.0987ff59a6523dd2085dd0c0d73678e6.jpeg?odnHeight=226&amp;odnWidth=226&amp;odnBg=FFFFFF 1x, https://i5.walmartimages.com/asr/ee840d7b-7a8b-4eac-a8df-3364f1c5abe0.0987ff59a6523dd2085dd0c0d73678e6.jpeg?odnHeight=576&amp;odnWidth=576&amp;odnBg=FFFFFF 2x" src="https://i5.walmartimages.com/asr/ee840d7b-7a8b-4eac-a8df-3364f1c5abe0.0987ff59a6523dd2085dd0c0d73678e6.jpeg?odnHeight=576&amp;odnWidth=576&amp;odnBg=FFFFFF" width="" height="" class="absolute top-0 left-0" data-testid="productTileImage" alt="Barefoot Refresh Rose Moscato Wine Spritzer, California, 4 Pack, 4 250ml Single Serve Cans"/></div><div class="z-2 absolute bottom--1"><div class="relative dib" data-id="689374150"><button class="w_hhLG w_8nsR w_jDfj pointer bn sans-serif b ph2 flex items-center justify-center w-auto shadow-1" type="button" data-pcss-hide="true" data-automation-id="add-to-cart" aria-label="Add to cart - Barefoot Refresh Rose Moscato Wine Spritzer, California, 4 Pack, 4 250ml Single Serve Cans"><i class="ld ld-Plus" style="font-size:1.5rem;vertical-align:-0.25em;width:1.5rem;height:1.5rem;box-sizing:content-box" title="add to cart"></i><span class="mr2">Add</span></button></div></div></div><div class="mt5 mb0" style="height:24px" data-testid="variant-689374150"></div><div data-automation-id="product-price" class="flex flex-wrap justify-start items-center lh-title mb1-m"><div class="mr1 mr2-xl b black lh-copy f5 f4-l" aria-hidden="true">$7.48</div><span class="w_iUH7">current price $7.48</span><div class="gray mr1 f7 f6-l">22.1 ¢/fl oz</div></div><span class=""><span class="w_V_DM" style="-webkit-line-clamp:3;padding-bottom:0em;margin-bottom:-0em"><span data-automation-id="product-title" class="normal dark-gray mb0 mt1 lh-title f6 f5-l">Barefoot Refresh Rose Moscato Wine Spritzer, California, 4 Pack, 4 250ml Single Serve Cans</span></span></span><div class="flex items-center mt2"><span class="black inline-flex mr1" data-testid="product-ratings" data-value="4.3"><i class="ld ld-StarFill" style="font-size:12px;vertical-align:-0.175em;width:12px;height:12px;box-sizing:content-box" aria-hidden="true"></i><i class="ld ld-StarFill" style="font-size:12px;vertical-align:-0.175em;width:12px;height:12px;box-sizing:content-box" aria-hidden="true"></i><i class="ld ld-StarFill" style="font-size:12px;vertical-align:-0.175em;width:12px;height:12px;box-sizing:content-box" aria-hidden="true"></i><i class="ld ld-StarFill" style="font-size:12px;vertical-align:-0.175em;width:12px;height:12px;box-sizing:content-box" aria-hidden="true"></i><i class="ld ld-StarHalf" style="font-size:12px;vertical-align:-0.175em;width:12px;height:12px;box-sizing:content-box" aria-hidden="true"></i></span><span class="sans-serif gray f7" aria-hidden="true" data-testid="product-reviews" data-value="22">22</span><span class="w_iUH7">4.3 out of 5 Stars. 22 reviews</span></div><div></div><div class="mb2 mt2"><span class="w_iUH7">Available for Pickup or Delivery</span><span class="w_VbBP w_mFV6 w_I_19 w_3oNC w_AAn7 mr1 mt1 ph1" aria-hidden="true">Pickup</span><span class="w_VbBP w_mFV6 w_I_19 w_3oNC w_AAn7 mr1 mt1 ph1" aria-hidden="true">Delivery</span></div></div></li><li class="flex flex-column items-center pa1 pr2 pb2" data-slide="5"><div role="group" data-item-id="10984620" class="sans-serif mid-gray relative flex flex-column w-100 h-100 hide-child-opacity" data-testid="product-tile-5" aria-label="Product"><a link-identifier="10984620" class="absolute w-100 h-100 z-1 hide-sibling-opacity" target="" href="/ip/Kendall-Jackson-Vintner-s-Reserve-Chardonnay-White-Wine-California-13-5-ABV-750ml-Glass-Bottle-5-150ml-Servings/10984620?athcpid=10984620&amp;athpgid=AthenaContentPage_8604954&amp;athcgid=null&amp;athznid=ItemCarousel_d5cfaf21-fd81-4402-bcb3-aa52908d5fac_items&amp;athieid=v0&amp;athstid=CS020&amp;athguid=fZ0TNvxS86RnhOIMqZXwWGGGu40sBHjwnBkn&amp;athancid=null&amp;athena=true&amp;athbdg=L1600"><span class="w_iUH7"><h3>Kendall-Jackson Vintner&#39;s Reserve Chardonnay White Wine, California, 13.5% ABV, 750ml Glass Bottle, 5-150ml Servings</h3></span></a><div class="h2 relative mv2"><span class="w_VbBP w_mFV6 w_awtt w_3oNC w_3H8O tag-leading-badge absolute">Best seller</span></div><div class="relative"><div class="relative overflow-hidden" style="max-width:226px;height:0;padding-bottom:min(226px, 100%);align-self:center;width:min(226px, 100%)"><img loading="lazy" srcset="https://i5.walmartimages.com/asr/91443099-a8ac-4651-b512-ef30970968f7.3b9224490ee449922ee25879da6d93a5.jpeg?odnHeight=226&amp;odnWidth=226&amp;odnBg=FFFFFF 1x, https://i5.walmartimages.com/asr/91443099-a8ac-4651-b512-ef30970968f7.3b9224490ee449922ee25879da6d93a5.jpeg?odnHeight=576&amp;odnWidth=576&amp;odnBg=FFFFFF 2x" src="https://i5.walmartimages.com/asr/91443099-a8ac-4651-b512-ef30970968f7.3b9224490ee449922ee25879da6d93a5.jpeg?odnHeight=576&amp;odnWidth=576&amp;odnBg=FFFFFF" width="" height="" class="absolute top-0 left-0" data-testid="productTileImage" alt="Kendall-Jackson Vintner&#39;s Reserve Chardonnay White Wine, California, 13.5% ABV, 750ml Glass Bottle, 5-150ml Servings"/></div><div class="z-2 absolute bottom--1"><div class="relative dib" data-id="10984620"><button class="w_hhLG w_8nsR w_jDfj pointer bn sans-serif b ph2 flex items-center justify-center w-auto shadow-1" type="button" data-pcss-hide="true" data-automation-id="add-to-cart" aria-label="Add to cart - Kendall-Jackson Vintner&#39;s Reserve Chardonnay White Wine, California, 13.5% ABV, 750ml Glass Bottle, 5-150ml Servings"><i class="ld ld-Plus" style="font-size:1.5rem;vertical-align:-0.25em;width:1.5rem;height:1.5rem;box-sizing:content-box" title="add to cart"></i><span class="mr2">Add</span></button></div></div></div><div class="mt5 mb0" style="height:24px" data-testid="variant-10984620"></div><div data-automation-id="product-price" class="flex flex-wrap justify-start items-center lh-title mb1-m"><div class="mr1 mr2-xl b black lh-copy f5 f4-l" aria-hidden="true">$14.48</div><span class="w_iUH7">current price $14.48</span><div class="gray mr1 f7 f6-l">57.1 ¢/fl oz</div></div><span class=""><span class="w_V_DM" style="-webkit-line-clamp:3;padding-bottom:0em;margin-bottom:-0em"><span data-automation-id="product-title" class="normal dark-gray mb0 mt1 lh-title f6 f5-l">Kendall-Jackson Vintner&#39;s Reserve Chardonnay White Wine, California, 13.5% ABV, 750ml Glass Bottle, 5-150ml Servings</span></span></span><div class="flex items-center mt2"><span class="black inline-flex mr1" data-testid="product-ratings" data-value="4.8"><i class="ld ld-StarFill" style="font-size:12px;vertical-align:-0.175em;width:12px;height:12px;box-sizing:content-box" aria-hidden="true"></i><i class="ld ld-StarFill" style="font-size:12px;vertical-align:-0.175em;width:12px;height:12px;box-sizing:content-box" aria-hidden="true"></i><i class="ld ld-StarFill" style="font-size:12px;vertical-align:-0.175em;width:12px;height:12px;box-sizing:content-box" aria-hidden="true"></i><i class="ld ld-StarFill" style="font-size:12px;vertical-align:-0.175em;width:12px;height:12px;box-sizing:content-box" aria-hidden="true"></i><i class="ld ld-StarFill" style="font-size:12px;vertical-align:-0.175em;width:12px;height:12px;box-sizing:content-box" aria-hidden="true"></i></span><span class="sans-serif gray f7" aria-hidden="true" data-testid="product-reviews" data-value="108">108</span><span class="w_iUH7">4.8 out of 5 Stars. 108 reviews</span></div><div></div><div class="mb2 mt2"><span class="w_iUH7">Available for Pickup or Delivery</span><span class="w_VbBP w_mFV6 w_I_19 w_3oNC w_AAn7 mr1 mt1 ph1" aria-hidden="true">Pickup</span><span class="w_VbBP w_mFV6 w_I_19 w_3oNC w_AAn7 mr1 mt1 ph1" aria-hidden="true">Delivery</span></div></div></li><li class="flex flex-column items-center pa1 pr2 pb2" data-slide="6"><div role="group" data-item-id="49933131" class="sans-serif mid-gray relative flex flex-column w-100 h-100 hide-child-opacity" data-testid="product-tile-6" aria-label="Product"><a link-identifier="49933131" class="absolute w-100 h-100 z-1 hide-sibling-opacity" target="" href="/ip/Chandon-Brut-Sparkling-Wine-French-Region-750ml-Glass-Bottle/49933131?athcpid=49933131&amp;athpgid=AthenaContentPage_8604954&amp;athcgid=null&amp;athznid=ItemCarousel_d5cfaf21-fd81-4402-bcb3-aa52908d5fac_items&amp;athieid=v0&amp;athstid=CS020&amp;athguid=fZ0TNvxS86RnhOIMqZXwWGGGu40sBHjwnBkn&amp;athancid=null&amp;athena=true"><span class="w_iUH7"><h3>Chandon Brut Sparkling Wine French Region 750ml Glass Bottle</h3></span></a><div class="h2 relative mv2"></div><div class="relative"><div class="relative overflow-hidden" style="max-width:226px;height:0;padding-bottom:min(226px, 100%);align-self:center;width:min(226px, 100%)"><img loading="lazy" srcset="https://i5.walmartimages.com/asr/bca180d6-c82b-4a0b-a6c7-78b1852500e7.6e6cd3bc63c24028307628479b99f036.jpeg?odnHeight=226&amp;odnWidth=226&amp;odnBg=FFFFFF 1x, https://i5.walmartimages.com/asr/bca180d6-c82b-4a0b-a6c7-78b1852500e7.6e6cd3bc63c24028307628479b99f036.jpeg?odnHeight=576&amp;odnWidth=576&amp;odnBg=FFFFFF 2x" src="https://i5.walmartimages.com/asr/bca180d6-c82b-4a0b-a6c7-78b1852500e7.6e6cd3bc63c24028307628479b99f036.jpeg?odnHeight=576&amp;odnWidth=576&amp;odnBg=FFFFFF" width="" height="" class="absolute top-0 left-0" data-testid="productTileImage" alt="Chandon Brut Sparkling Wine French Region 750ml Glass Bottle"/></div><div class="z-2 absolute bottom--1"><div class="relative dib" data-id="49933131"><button class="w_hhLG w_8nsR w_jDfj pointer bn sans-serif b ph2 flex items-center justify-center w-auto shadow-1" type="button" data-pcss-hide="true" data-automation-id="add-to-cart" aria-label="Add to cart - Chandon Brut Sparkling Wine French Region 750ml Glass Bottle"><i class="ld ld-Plus" style="font-size:1.5rem;vertical-align:-0.25em;width:1.5rem;height:1.5rem;box-sizing:content-box" title="add to cart"></i><span class="mr2">Add</span></button></div></div></div><div class="mt5 mb0" style="height:24px" data-testid="variant-49933131"></div><div data-automation-id="product-price" class="flex flex-wrap justify-start items-center lh-title mb1-m"><div class="mr1 mr2-xl b black lh-copy f5 f4-l" aria-hidden="true">$20.98</div><span class="w_iUH7">current price $20.98</span><div class="gray mr1 f7 f6-l">82.6 ¢/fl oz</div></div><span class=""><span class="w_V_DM" style="-webkit-line-clamp:3;padding-bottom:0em;margin-bottom:-0em"><span data-automation-id="product-title" class="normal dark-gray mb0 mt1 lh-title f6 f5-l">Chandon Brut Sparkling Wine French Region 750ml Glass Bottle</span></span></span><div class="flex items-center mt2"><span class="black inline-flex mr1" data-testid="product-ratings" data-value="4.7"><i class="ld ld-StarFill" style="font-size:12px;vertical-align:-0.175em;width:12px;height:12px;box-sizing:content-box" aria-hidden="true"></i><i class="ld ld-StarFill" style="font-size:12px;vertical-align:-0.175em;width:12px;height:12px;box-sizing:content-box" aria-hidden="true"></i><i class="ld ld-StarFill" style="font-size:12px;vertical-align:-0.175em;width:12px;height:12px;box-sizing:content-box" aria-hidden="true"></i><i class="ld ld-StarFill" style="font-size:12px;vertical-align:-0.175em;width:12px;height:12px;box-sizing:content-box" aria-hidden="true"></i><i class="ld ld-StarHalf" style="font-size:12px;vertical-align:-0.175em;width:12px;height:12px;box-sizing:content-box" aria-hidden="true"></i></span><span class="sans-serif gray f7" aria-hidden="true" data-testid="product-reviews" data-value="20">20</span><span class="w_iUH7">4.7 out of 5 Stars. 20 reviews</span></div><div></div><div class="mb2 mt2"><span class="w_iUH7">Available for Pickup or Delivery</span><span class="w_VbBP w_mFV6 w_I_19 w_3oNC w_AAn7 mr1 mt1 ph1" aria-hidden="true">Pickup</span><span class="w_VbBP w_mFV6 w_I_19 w_3oNC w_AAn7 mr1 mt1 ph1" aria-hidden="true">Delivery</span></div></div></li><li class="flex flex-column items-center pa1 pr2 pb2" data-slide="7"><div role="group" data-item-id="178233825" class="sans-serif mid-gray relative flex flex-column w-100 h-100 hide-child-opacity" data-testid="product-tile-7" aria-label="Product"><a link-identifier="178233825" class="absolute w-100 h-100 z-1 hide-sibling-opacity" target="" href="/ip/Black-Box-Pinot-Noir-California-Red-Wine-Single-3-Liter-Box/178233825?athcpid=178233825&amp;athpgid=AthenaContentPage_8604954&amp;athcgid=null&amp;athznid=ItemCarousel_d5cfaf21-fd81-4402-bcb3-aa52908d5fac_items&amp;athieid=v0&amp;athstid=CS020&amp;athguid=fZ0TNvxS86RnhOIMqZXwWGGGu40sBHjwnBkn&amp;athancid=null&amp;athena=true&amp;athbdg=L1600"><span class="w_iUH7"><h3>Black Box Pinot Noir, California Red Wine, Single 3 Liter Box</h3></span></a><div class="h2 relative mv2"><span class="w_VbBP w_mFV6 w_awtt w_3oNC w_3H8O tag-leading-badge absolute">Best seller</span></div><div class="relative"><div class="relative overflow-hidden" style="max-width:226px;height:0;padding-bottom:min(226px, 100%);align-self:center;width:min(226px, 100%)"><img loading="lazy" srcset="https://i5.walmartimages.com/asr/c8b8625f-58bc-4692-99a8-42f5c3962ba8.8d98a85724d1dea55583d5dadad1c9cd.jpeg?odnHeight=226&amp;odnWidth=226&amp;odnBg=FFFFFF 1x, https://i5.walmartimages.com/asr/c8b8625f-58bc-4692-99a8-42f5c3962ba8.8d98a85724d1dea55583d5dadad1c9cd.jpeg?odnHeight=576&amp;odnWidth=576&amp;odnBg=FFFFFF 2x" src="https://i5.walmartimages.com/asr/c8b8625f-58bc-4692-99a8-42f5c3962ba8.8d98a85724d1dea55583d5dadad1c9cd.jpeg?odnHeight=576&amp;odnWidth=576&amp;odnBg=FFFFFF" width="" height="" class="absolute top-0 left-0" data-testid="productTileImage" alt="Black Box Pinot Noir, California Red Wine, Single 3 Liter Box"/></div><div class="z-2 absolute bottom--1"><div class="relative dib" data-id="178233825"><button class="w_hhLG w_8nsR w_jDfj pointer bn sans-serif b ph2 flex items-center justify-center w-auto shadow-1" type="button" data-pcss-hide="true" data-automation-id="add-to-cart" aria-label="Add to cart - Black Box Pinot Noir, California Red Wine, Single 3 Liter Box"><i class="ld ld-Plus" style="font-size:1.5rem;vertical-align:-0.25em;width:1.5rem;height:1.5rem;box-sizing:content-box" title="add to cart"></i><span class="mr2">Add</span></button></div></div></div><div class="mt5 mb0" style="height:24px" data-testid="variant-178233825"></div><div data-automation-id="product-price" class="flex flex-wrap justify-start items-center lh-title mb1-m"><div class="mr1 mr2-xl b black lh-copy f5 f4-l" aria-hidden="true">$18.97</div><span class="w_iUH7">current price $18.97</span><div class="gray mr1 f7 f6-l">18.7 ¢/fl oz</div></div><span class=""><span class="w_V_DM" style="-webkit-line-clamp:3;padding-bottom:0em;margin-bottom:-0em"><span data-automation-id="product-title" class="normal dark-gray mb0 mt1 lh-title f6 f5-l">Black Box Pinot Noir, California Red Wine, Single 3 Liter Box</span></span></span><div class="flex items-center mt2"><span class="black inline-flex mr1" data-testid="product-ratings" data-value="4.7"><i class="ld ld-StarFill" style="font-size:12px;vertical-align:-0.175em;width:12px;height:12px;box-sizing:content-box" aria-hidden="true"></i><i class="ld ld-StarFill" style="font-size:12px;vertical-align:-0.175em;width:12px;height:12px;box-sizing:content-box" aria-hidden="true"></i><i class="ld ld-StarFill" style="font-size:12px;vertical-align:-0.175em;width:12px;height:12px;box-sizing:content-box" aria-hidden="true"></i><i class="ld ld-StarFill" style="font-size:12px;vertical-align:-0.175em;width:12px;height:12px;box-sizing:content-box" aria-hidden="true"></i><i class="ld ld-StarHalf" style="font-size:12px;vertical-align:-0.175em;width:12px;height:12px;box-sizing:content-box" aria-hidden="true"></i></span><span class="sans-serif gray f7" aria-hidden="true" data-testid="product-reviews" data-value="6">6</span><span class="w_iUH7">4.7 out of 5 Stars. 6 reviews</span></div><div></div><div class="mb2 mt2"><span class="w_iUH7">Available for Pickup or Delivery</span><span class="w_VbBP w_mFV6 w_I_19 w_3oNC w_AAn7 mr1 mt1 ph1" aria-hidden="true">Pickup</span><span class="w_VbBP w_mFV6 w_I_19 w_3oNC w_AAn7 mr1 mt1 ph1" aria-hidden="true">Delivery</span></div></div></li><li class="flex flex-column items-center pa1 pr2 pb2" data-slide="8"><div role="group" data-item-id="136191223" class="sans-serif mid-gray relative flex flex-column w-100 h-100 hide-child-opacity" data-testid="product-tile-8" aria-label="Product"><a link-identifier="136191223" class="absolute w-100 h-100 z-1 hide-sibling-opacity" target="" href="/ip/14-Hands-Washington-Cabernet-Sauvignon-Red-Wine-750-ml-Bottle-13-5-ABV/136191223?athcpid=136191223&amp;athpgid=AthenaContentPage_8604954&amp;athcgid=null&amp;athznid=ItemCarousel_d5cfaf21-fd81-4402-bcb3-aa52908d5fac_items&amp;athieid=v0&amp;athstid=CS020&amp;athguid=fZ0TNvxS86RnhOIMqZXwWGGGu40sBHjwnBkn&amp;athancid=null&amp;athena=true"><span class="w_iUH7"><h3>14 Hands Washington Cabernet Sauvignon Red Wine, 750 ml Bottle, 13.5% ABV</h3></span></a><div class="h2 relative mv2"></div><div class="relative"><div class="relative overflow-hidden" style="max-width:226px;height:0;padding-bottom:min(226px, 100%);align-self:center;width:min(226px, 100%)"><img loading="lazy" srcset="https://i5.walmartimages.com/asr/ba96b6f6-58b4-4cc8-915b-b71dafdb43ac.0e737bec4ac66c1efad4c77adb3d95ea.jpeg?odnHeight=226&amp;odnWidth=226&amp;odnBg=FFFFFF 1x, https://i5.walmartimages.com/asr/ba96b6f6-58b4-4cc8-915b-b71dafdb43ac.0e737bec4ac66c1efad4c77adb3d95ea.jpeg?odnHeight=576&amp;odnWidth=576&amp;odnBg=FFFFFF 2x" src="https://i5.walmartimages.com/asr/ba96b6f6-58b4-4cc8-915b-b71dafdb43ac.0e737bec4ac66c1efad4c77adb3d95ea.jpeg?odnHeight=576&amp;odnWidth=576&amp;odnBg=FFFFFF" width="" height="" class="absolute top-0 left-0" data-testid="productTileImage" alt="14 Hands Washington Cabernet Sauvignon Red Wine, 750 ml Bottle, 13.5% ABV"/></div><div class="z-2 absolute bottom--1"><div class="relative dib" data-id="136191223"><button class="w_hhLG w_8nsR w_jDfj pointer bn sans-serif b ph2 flex items-center justify-center w-auto shadow-1" type="button" data-pcss-hide="true" data-automation-id="add-to-cart" aria-label="Add to cart - 14 Hands Washington Cabernet Sauvignon Red Wine, 750 ml Bottle, 13.5% ABV"><i class="ld ld-Plus" style="font-size:1.5rem;vertical-align:-0.25em;width:1.5rem;height:1.5rem;box-sizing:content-box" title="add to cart"></i><span class="mr2">Add</span></button></div></div></div><div class="mt5 mb0" style="height:24px" data-testid="variant-136191223"></div><div data-automation-id="product-price" class="flex flex-wrap justify-start items-center lh-title mb1-m"><div class="mr1 mr2-xl b black lh-copy f5 f4-l" aria-hidden="true">$10.48</div><span class="w_iUH7">current price $10.48</span><div class="gray mr1 f7 f6-l">41.3 ¢/fl oz</div></div><span class=""><span class="w_V_DM" style="-webkit-line-clamp:3;padding-bottom:0em;margin-bottom:-0em"><span data-automation-id="product-title" class="normal dark-gray mb0 mt1 lh-title f6 f5-l">14 Hands Washington Cabernet Sauvignon Red Wine, 750 ml Bottle, 13.5% ABV</span></span></span><div class="flex items-center mt2"><span class="black inline-flex mr1" data-testid="product-ratings" data-value="4.7"><i class="ld ld-StarFill" style="font-size:12px;vertical-align:-0.175em;width:12px;height:12px;box-sizing:content-box" aria-hidden="true"></i><i class="ld ld-StarFill" style="font-size:12px;vertical-align:-0.175em;width:12px;height:12px;box-sizing:content-box" aria-hidden="true"></i><i class="ld ld-StarFill" style="font-size:12px;vertical-align:-0.175em;width:12px;height:12px;box-sizing:content-box" aria-hidden="true"></i><i class="ld ld-StarFill" style="font-size:12px;vertical-align:-0.175em;width:12px;height:12px;box-sizing:content-box" aria-hidden="true"></i><i class="ld ld-StarHalf" style="font-size:12px;vertical-align:-0.175em;width:12px;height:12px;box-sizing:content-box" aria-hidden="true"></i></span><span class="sans-serif gray f7" aria-hidden="true" data-testid="product-reviews" data-value="48">48</span><span class="w_iUH7">4.7 out of 5 Stars. 48 reviews</span></div><div></div><div class="mb2 mt2"><span class="w_iUH7">Available for Pickup or Delivery</span><span class="w_VbBP w_mFV6 w_I_19 w_3oNC w_AAn7 mr1 mt1 ph1" aria-hidden="true">Pickup</span><span class="w_VbBP w_mFV6 w_I_19 w_3oNC w_AAn7 mr1 mt1 ph1" aria-hidden="true">Delivery</span></div></div></li><li class="flex flex-column items-center pa1 pr2 pb2" data-slide="9"><div role="group" data-item-id="143002881" class="sans-serif mid-gray relative flex flex-column w-100 h-100 hide-child-opacity" data-testid="product-tile-9" aria-label="Product"><a link-identifier="143002881" class="absolute w-100 h-100 z-1 hide-sibling-opacity" target="" href="/ip/Barefoot-Riesling-California-White-Wine-1-5-Liter-Glass-Bottle/143002881?athcpid=143002881&amp;athpgid=AthenaContentPage_8604954&amp;athcgid=null&amp;athznid=ItemCarousel_d5cfaf21-fd81-4402-bcb3-aa52908d5fac_items&amp;athieid=v0&amp;athstid=CS020&amp;athguid=fZ0TNvxS86RnhOIMqZXwWGGGu40sBHjwnBkn&amp;athancid=null&amp;athena=true&amp;athbdg=L1600"><span class="w_iUH7"><h3>Barefoot Riesling California White Wine, 1.5 Liter Glass Bottle</h3></span></a><div class="h2 relative mv2"><span class="w_VbBP w_mFV6 w_awtt w_3oNC w_3H8O tag-leading-badge absolute">Best seller</span></div><div class="relative"><div class="relative overflow-hidden" style="max-width:226px;height:0;padding-bottom:min(226px, 100%);align-self:center;width:min(226px, 100%)"><img loading="lazy" srcset="https://i5.walmartimages.com/asr/b3b20417-b5b2-42cb-8f04-d9f3ef58fef4.6365efc574f70206257aecf1ab9a9f2c.jpeg?odnHeight=226&amp;odnWidth=226&amp;odnBg=FFFFFF 1x, https://i5.walmartimages.com/asr/b3b20417-b5b2-42cb-8f04-d9f3ef58fef4.6365efc574f70206257aecf1ab9a9f2c.jpeg?odnHeight=576&amp;odnWidth=576&amp;odnBg=FFFFFF 2x" src="https://i5.walmartimages.com/asr/b3b20417-b5b2-42cb-8f04-d9f3ef58fef4.6365efc574f70206257aecf1ab9a9f2c.jpeg?odnHeight=576&amp;odnWidth=576&amp;odnBg=FFFFFF" width="" height="" class="absolute top-0 left-0" data-testid="productTileImage" alt="Barefoot Riesling California White Wine, 1.5 Liter Glass Bottle"/></div><div class="z-2 absolute bottom--1"><div class="relative dib" data-id="143002881"><button class="w_hhLG w_8nsR w_jDfj pointer bn sans-serif b ph2 flex items-center justify-center w-auto shadow-1" type="button" data-pcss-hide="true" data-automation-id="add-to-cart" aria-label="Add to cart - Barefoot Riesling California White Wine, 1.5 Liter Glass Bottle"><i class="ld ld-Plus" style="font-size:1.5rem;vertical-align:-0.25em;width:1.5rem;height:1.5rem;box-sizing:content-box" title="add to cart"></i><span class="mr2">Add</span></button></div></div></div><div class="mt5 mb0" style="height:24px" data-testid="variant-143002881"></div><div data-automation-id="product-price" class="flex flex-wrap justify-start items-center lh-title mb1-m"><div class="mr1 mr2-xl b black lh-copy f5 f4-l" aria-hidden="true">$9.98</div><span class="w_iUH7">current price $9.98</span><div class="gray mr1 f7 f6-l">19.7 ¢/fl oz</div></div><span class=""><span class="w_V_DM" style="-webkit-line-clamp:3;padding-bottom:0em;margin-bottom:-0em"><span data-automation-id="product-title" class="normal dark-gray mb0 mt1 lh-title f6 f5-l">Barefoot Riesling California White Wine, 1.5 Liter Glass Bottle</span></span></span><div class="flex items-center mt2"><span class="black inline-flex mr1" data-testid="product-ratings" data-value="4.5"><i class="ld ld-StarFill" style="font-size:12px;vertical-align:-0.175em;width:12px;height:12px;box-sizing:content-box" aria-hidden="true"></i><i class="ld ld-StarFill" style="font-size:12px;vertical-align:-0.175em;width:12px;height:12px;box-sizing:content-box" aria-hidden="true"></i><i class="ld ld-StarFill" style="font-size:12px;vertical-align:-0.175em;width:12px;height:12px;box-sizing:content-box" aria-hidden="true"></i><i class="ld ld-StarFill" style="font-size:12px;vertical-align:-0.175em;width:12px;height:12px;box-sizing:content-box" aria-hidden="true"></i><i class="ld ld-StarHalf" style="font-size:12px;vertical-align:-0.175em;width:12px;height:12px;box-sizing:content-box" aria-hidden="true"></i></span><span class="sans-serif gray f7" aria-hidden="true" data-testid="product-reviews" data-value="20">20</span><span class="w_iUH7">4.5 out of 5 Stars. 20 reviews</span></div><div></div><div class="mb2 mt2"><span class="w_iUH7">Available for Pickup or Delivery</span><span class="w_VbBP w_mFV6 w_I_19 w_3oNC w_AAn7 mr1 mt1 ph1" aria-hidden="true">Pickup</span><span class="w_VbBP w_mFV6 w_I_19 w_3oNC w_AAn7 mr1 mt1 ph1" aria-hidden="true">Delivery</span></div></div></li></ul><a link-identifier="horizontalScrollerNext" class="absolute dn z-5 bg-white br-100 pa0 pointer db-l br-100 nav-control right-1" aria-label="Next slide for Product Carousel list" data-testid="horizontal-scroller-next" role="button"><i class="ld ld-ChevronRight" style="font-size:1.5rem;vertical-align:-0.25em;padding:12px;width:1.5rem;height:1.5rem;box-sizing:content-box"></i></a></div></section></section></div> <!-- --> <div class="mv3 mv4-xl mh3 mb4-xl mb3 mr3-m mh0-l bb b--near-white" data-testid="HubSpokes4x1"><section><header class="flex justify-between items-baseline"><h2 class="w_kV33 w_Sl3f w_mvVb lh-title ma0">Shop by wine price</h2></header><div class="w_KPWk w_GxNv" role="list" id="Hubspokes4orNxMGrid"><div class="w_aoqv w_wRee w_EP2w w_myuK tc mt3 content-between flex-grow-0" role="listitem" id="GridColumn-0"><a link-identifier="ea976a90-c77b-11ed-92fe-4bcf3ae1bf70" class="no-underline sans-serif flex flex-column items-center" href="https://www.walmart.com/browse/976759_2975985_8604954?max_price=10&amp;povid=976759_hubspoke_8604954_Shopbywineprice_10andUnder_Rweb_Oct_27"><img loading="lazy" srcset="https://i5.walmartimages.com/dfw/4ff9c6c9-e8aa/k2-_6338a49c-4097-4a04-b8ca-b293cdb5f8a9.v1.jpg?odnHeight=290&amp;odnWidth=290&amp;odnBg=FFFFFF 1x," src="https://i5.walmartimages.com/dfw/4ff9c6c9-e8aa/k2-_6338a49c-4097-4a04-b8ca-b293cdb5f8a9.v1.jpg?odnHeight=290&amp;odnWidth=290&amp;odnBg=FFFFFF" alt="" class="w-100 h-auto" width="290" height="290" style="width:;height:;max-width:290px"/><div class="w-100 tc"><span class="ma0 mid-gray lh-copy f5-l w_V_DM" style="height:">Under $10</span></div></a></div><div class="w_aoqv w_wRee w_EP2w w_myuK tc mt3 content-between flex-grow-0" role="listitem" id="GridColumn-1"><a link-identifier="ea976a90-c77b-11ed-92fe-4bcf3ae1bf70" class="no-underline sans-serif flex flex-column items-center" href="https://www.walmart.com/browse/976759_2975985_8604954?max_price=15&amp;min_price=10&amp;povid=976759_hubspoke_8604954_Shopbywineprice_10to15_Rweb_Oct_27"><img loading="lazy" srcset="https://i5.walmartimages.com/dfw/4ff9c6c9-e8aa/k2-_6338a49c-4097-4a04-b8ca-b293cdb5f8a9.v1.jpg?odnHeight=290&amp;odnWidth=290&amp;odnBg=FFFFFF 1x," src="https://i5.walmartimages.com/dfw/4ff9c6c9-e8aa/k2-_6338a49c-4097-4a04-b8ca-b293cdb5f8a9.v1.jpg?odnHeight=290&amp;odnWidth=290&amp;odnBg=FFFFFF" alt="" class="w-100 h-auto" width="290" height="290" style="width:;height:;max-width:290px"/><div class="w-100 tc"><span class="ma0 mid-gray lh-copy f5-l w_V_DM" style="height:">$10-$15</span></div></a></div><div class="w_aoqv w_wRee w_EP2w w_myuK tc mt3 content-between flex-grow-0" role="listitem" id="GridColumn-2"><a link-identifier="fa4eb380-c77b-11ed-be14-036eb1a385a9" class="no-underline sans-serif flex flex-column items-center" href="https://www.walmart.com/browse/976759_2975985_8604954?max_price=20&amp;min_price=15&amp;povid=976759_hubspoke_8604954_Shopbywineprice_15to20_Rweb_Oct_27"><img loading="lazy" srcset="https://i5.walmartimages.com/dfw/4ff9c6c9-99f3/k2-_16b36d77-cb9a-4d18-80c5-f60afedcac07.v1.jpg?odnHeight=290&amp;odnWidth=290&amp;odnBg=FFFFFF 1x," src="https://i5.walmartimages.com/dfw/4ff9c6c9-99f3/k2-_16b36d77-cb9a-4d18-80c5-f60afedcac07.v1.jpg?odnHeight=290&amp;odnWidth=290&amp;odnBg=FFFFFF" alt="" class="w-100 h-auto" width="290" height="290" style="width:;height:;max-width:290px"/><div class="w-100 tc"><span class="ma0 mid-gray lh-copy f5-l w_V_DM" style="height:">$15-$20</span></div></a></div><div class="w_aoqv w_wRee w_EP2w w_myuK tc mt3 content-between flex-grow-0" role="listitem" id="GridColumn-3"><a link-identifier="359a9a30-c77c-11ed-92fe-4bcf3ae1bf70" class="no-underline sans-serif flex flex-column items-center" href="https://www.walmart.com/browse/976759_2975985_8604954?povid=976759_hubspoke_8604954_Shopbywineprice_Shopallwine_Rweb_Oct_27"><img loading="lazy" srcset="https://i5.walmartimages.com/dfw/4ff9c6c9-42b1/k2-_8bfd7815-36ed-4046-b059-93e26a22df2e.v1.jpg?odnHeight=290&amp;odnWidth=290&amp;odnBg=FFFFFF 1x," src="https://i5.walmartimages.com/dfw/4ff9c6c9-42b1/k2-_8bfd7815-36ed-4046-b059-93e26a22df2e.v1.jpg?odnHeight=290&amp;odnWidth=290&amp;odnBg=FFFFFF" alt="" class="w-100 h-auto" width="290" height="290" style="width:;height:;max-width:290px"/><div class="w-100 tc"><span class="ma0 mid-gray lh-copy f5-l w_V_DM" style="height:">Shop all wine</span></div></a></div></div></section></div> <div class="mv3 mv4-xl ml3 ml0-l bb b--near-white"><section><section><header class="flex justify-between mb3 mb2-m pr3 pr4-m pr0-xl items-baseline"><section style="flex:1"><div><div><div class="inline-flex "><h2 class="f4 f3-m lh-title ma0 ">Best selling wine</h2></div></div></div></section><a link-identifier="View all" class="black f6" href="https://www.walmart.com/browse/alcohol/all-wine/976759_2975985_8604954?povid=976759_itemcarousel_8604954_Bestsellingwine_Viewall_Rweb_Oct_27">View all</a></header><div class="flex flex-column justify-center relative" data-testid="horizontal-scroller-Product Carousel"><a link-identifier="horizontalScrollerPrevious" class="absolute dn z-5 bg-white br-100 pa0 pointer hidden-child br-100 nav-control left-1" aria-label="Previous slide for Product Carousel list" data-testid="horizontal-scroller-previous" role="button"><i class="ld ld-ChevronLeft" style="font-size:1.5rem;vertical-align:-0.25em;padding:12px;width:1.5rem;height:1.5rem;box-sizing:content-box"></i></a><ul style="display:grid;grid-auto-flow:column;scroll-snap-type:x mandatory;max-height:fit-content" class="list ma0 pl0 overflow-x-scroll hidesb hidesb-wk relative overflow-y-hidden carousel-peek-2 carousel-6-l carousel-3-m pr3-m" data-testid="carousel-container"><li class="flex flex-column items-center pa1 pr2 pb2" data-slide="0"><div role="group" data-item-id="197307410" class="sans-serif mid-gray relative flex flex-column w-100 h-100 hide-child-opacity" data-testid="product-tile-0" aria-label="Product"><a link-identifier="197307410" class="absolute w-100 h-100 z-1 hide-sibling-opacity" target="" href="/ip/Stella-Rosa-Peach-Semi-Sweet-White-Wine-750ml-Glass-Bottle-Piedmont-Italy-Serving-Size-6oz/197307410?athcpid=197307410&amp;athpgid=AthenaContentPage_8604954&amp;athcgid=null&amp;athznid=ItemCarousel_3932e350-8859-4a5e-8a6f-2298e5bce4df_items&amp;athieid=v0&amp;athstid=CS020&amp;athguid=fZ0TNvxS86RnhOIMqZXwWGGGu40sBHjwnBkn&amp;athancid=null&amp;athena=true"><span class="w_iUH7"><h3>Stella Rosa Peach Semi-Sweet White Wine, 750ml Glass Bottle, Piedmont, Italy Serving Size 6oz</h3></span></a><div class="h2 relative mv2"></div><div class="relative"><div class="relative overflow-hidden" style="max-width:226px;height:0;padding-bottom:min(226px, 100%);align-self:center;width:min(226px, 100%)"><img loading="lazy" srcset="https://i5.walmartimages.com/asr/3d0a46bd-e14e-4165-960d-505d070fea73.c53cd2ab79da71595020fef220cff32e.jpeg?odnHeight=226&amp;odnWidth=226&amp;odnBg=FFFFFF 1x, https://i5.walmartimages.com/asr/3d0a46bd-e14e-4165-960d-505d070fea73.c53cd2ab79da71595020fef220cff32e.jpeg?odnHeight=576&amp;odnWidth=576&amp;odnBg=FFFFFF 2x" src="https://i5.walmartimages.com/asr/3d0a46bd-e14e-4165-960d-505d070fea73.c53cd2ab79da71595020fef220cff32e.jpeg?odnHeight=576&amp;odnWidth=576&amp;odnBg=FFFFFF" width="" height="" class="absolute top-0 left-0" data-testid="productTileImage" alt="Stella Rosa Peach Semi-Sweet White Wine, 750ml Glass Bottle, Piedmont, Italy Serving Size 6oz"/></div><div class="z-2 absolute bottom--1"><div class="relative dib" data-id="197307410"><button class="w_hhLG w_8nsR w_jDfj pointer bn sans-serif b ph2 flex items-center justify-center w-auto shadow-1" type="button" data-pcss-hide="true" data-automation-id="add-to-cart" aria-label="Add to cart - Stella Rosa Peach Semi-Sweet White Wine, 750ml Glass Bottle, Piedmont, Italy Serving Size 6oz"><i class="ld ld-Plus" style="font-size:1.5rem;vertical-align:-0.25em;width:1.5rem;height:1.5rem;box-sizing:content-box" title="add to cart"></i><span class="mr2">Add</span></button></div></div></div><div class="mt5 mb0" style="height:24px" data-testid="variant-197307410"></div><div data-automation-id="product-price" class="flex flex-wrap justify-start items-center lh-title mb1-m"><div class="mr1 mr2-xl b black lh-copy f5 f4-l" aria-hidden="true">$10.98</div><span class="w_iUH7">current price $10.98</span><div class="gray mr1 f7 f6-l">43.3 ¢/fl oz</div></div><span class=""><span class="w_V_DM" style="-webkit-line-clamp:3;padding-bottom:0em;margin-bottom:-0em"><span data-automation-id="product-title" class="normal dark-gray mb0 mt1 lh-title f6 f5-l">Stella Rosa Peach Semi-Sweet White Wine, 750ml Glass Bottle, Piedmont, Italy Serving Size 6oz</span></span></span><div class="flex items-center mt2"><span class="black inline-flex mr1" data-testid="product-ratings" data-value="4.8"><i class="ld ld-StarFill" style="font-size:12px;vertical-align:-0.175em;width:12px;height:12px;box-sizing:content-box" aria-hidden="true"></i><i class="ld ld-StarFill" style="font-size:12px;vertical-align:-0.175em;width:12px;height:12px;box-sizing:content-box" aria-hidden="true"></i><i class="ld ld-StarFill" style="font-size:12px;vertical-align:-0.175em;width:12px;height:12px;box-sizing:content-box" aria-hidden="true"></i><i class="ld ld-StarFill" style="font-size:12px;vertical-align:-0.175em;width:12px;height:12px;box-sizing:content-box" aria-hidden="true"></i><i class="ld ld-StarFill" style="font-size:12px;vertical-align:-0.175em;width:12px;height:12px;box-sizing:content-box" aria-hidden="true"></i></span><span class="sans-serif gray f7" aria-hidden="true" data-testid="product-reviews" data-value="165">165</span><span class="w_iUH7">4.8 out of 5 Stars. 165 reviews</span></div><div></div><div class="mb2 mt2"><span class="w_iUH7">Available for Pickup or Delivery</span><span class="w_VbBP w_mFV6 w_I_19 w_3oNC w_AAn7 mr1 mt1 ph1" aria-hidden="true">Pickup</span><span class="w_VbBP w_mFV6 w_I_19 w_3oNC w_AAn7 mr1 mt1 ph1" aria-hidden="true">Delivery</span></div></div></li><li class="flex flex-column items-center pa1 pr2 pb2" data-slide="1"><div role="group" data-item-id="165455256" class="sans-serif mid-gray relative flex flex-column w-100 h-100 hide-child-opacity" data-testid="product-tile-1" aria-label="Product"><a link-identifier="165455256" class="absolute w-100 h-100 z-1 hide-sibling-opacity" target="" href="/ip/Barefoot-Pink-Moscato-Sweet-Pink-Wine-California-750ml-Glass-Bottle/165455256?athcpid=165455256&amp;athpgid=AthenaContentPage_8604954&amp;athcgid=null&amp;athznid=ItemCarousel_3932e350-8859-4a5e-8a6f-2298e5bce4df_items&amp;athieid=v0&amp;athstid=CS020&amp;athguid=fZ0TNvxS86RnhOIMqZXwWGGGu40sBHjwnBkn&amp;athancid=null&amp;athena=true&amp;athbdg=L1600"><span class="w_iUH7"><h3>Barefoot Pink Moscato Sweet Pink Wine, California, 750ml Glass Bottle</h3></span></a><div class="h2 relative mv2"><span class="w_VbBP w_mFV6 w_awtt w_3oNC w_3H8O tag-leading-badge absolute">Best seller</span></div><div class="relative"><div class="relative overflow-hidden" style="max-width:226px;height:0;padding-bottom:min(226px, 100%);align-self:center;width:min(226px, 100%)"><img loading="lazy" srcset="https://i5.walmartimages.com/asr/337f5641-09ca-4046-8382-e371848794c4_1.29f7a2b6654deecbed19f00d4bb1e30a.jpeg?odnHeight=226&amp;odnWidth=226&amp;odnBg=FFFFFF 1x, https://i5.walmartimages.com/asr/337f5641-09ca-4046-8382-e371848794c4_1.29f7a2b6654deecbed19f00d4bb1e30a.jpeg?odnHeight=576&amp;odnWidth=576&amp;odnBg=FFFFFF 2x" src="https://i5.walmartimages.com/asr/337f5641-09ca-4046-8382-e371848794c4_1.29f7a2b6654deecbed19f00d4bb1e30a.jpeg?odnHeight=576&amp;odnWidth=576&amp;odnBg=FFFFFF" width="" height="" class="absolute top-0 left-0" data-testid="productTileImage" alt="Barefoot Pink Moscato Sweet Pink Wine, California, 750ml Glass Bottle"/></div><div class="z-2 absolute bottom--1"><div class="relative dib" data-id="165455256"><button class="w_hhLG w_8nsR w_jDfj pointer bn sans-serif b ph2 flex items-center justify-center w-auto shadow-1" type="button" data-pcss-hide="true" data-automation-id="add-to-cart" aria-label="Add to cart - Barefoot Pink Moscato Sweet Pink Wine, California, 750ml Glass Bottle"><i class="ld ld-Plus" style="font-size:1.5rem;vertical-align:-0.25em;width:1.5rem;height:1.5rem;box-sizing:content-box" title="add to cart"></i><span class="mr2">Add</span></button></div></div></div><div class="mt5 mb0" style="height:24px" data-testid="variant-165455256"></div><div data-automation-id="product-price" class="flex flex-wrap justify-start items-center lh-title mb1-m"><div class="mr1 mr2-xl b black lh-copy f5 f4-l" aria-hidden="true">$5.98</div><span class="w_iUH7">current price $5.98</span><div class="gray mr1 f7 f6-l">23.6 ¢/fl oz</div></div><span class=""><span class="w_V_DM" style="-webkit-line-clamp:3;padding-bottom:0em;margin-bottom:-0em"><span data-automation-id="product-title" class="normal dark-gray mb0 mt1 lh-title f6 f5-l">Barefoot Pink Moscato Sweet Pink Wine, California, 750ml Glass Bottle</span></span></span><div class="flex items-center mt2"><span class="black inline-flex mr1" data-testid="product-ratings" data-value="4.4"><i class="ld ld-StarFill" style="font-size:12px;vertical-align:-0.175em;width:12px;height:12px;box-sizing:content-box" aria-hidden="true"></i><i class="ld ld-StarFill" style="font-size:12px;vertical-align:-0.175em;width:12px;height:12px;box-sizing:content-box" aria-hidden="true"></i><i class="ld ld-StarFill" style="font-size:12px;vertical-align:-0.175em;width:12px;height:12px;box-sizing:content-box" aria-hidden="true"></i><i class="ld ld-StarFill" style="font-size:12px;vertical-align:-0.175em;width:12px;height:12px;box-sizing:content-box" aria-hidden="true"></i><i class="ld ld-StarHalf" style="font-size:12px;vertical-align:-0.175em;width:12px;height:12px;box-sizing:content-box" aria-hidden="true"></i></span><span class="sans-serif gray f7" aria-hidden="true" data-testid="product-reviews" data-value="59">59</span><span class="w_iUH7">4.4 out of 5 Stars. 59 reviews</span></div><div></div><div class="mb2 mt2"><span class="w_iUH7">Available for Pickup or Delivery</span><span class="w_VbBP w_mFV6 w_I_19 w_3oNC w_AAn7 mr1 mt1 ph1" aria-hidden="true">Pickup</span><span class="w_VbBP w_mFV6 w_I_19 w_3oNC w_AAn7 mr1 mt1 ph1" aria-hidden="true">Delivery</span></div></div></li><li class="flex flex-column items-center pa1 pr2 pb2" data-slide="2"><div role="group" data-item-id="10984592" class="sans-serif mid-gray relative flex flex-column w-100 h-100 hide-child-opacity" data-testid="product-tile-2" aria-label="Product"><a link-identifier="10984592" class="absolute w-100 h-100 z-1 hide-sibling-opacity" target="" href="/ip/Barefoot-Pinot-Grigio-White-Wine-California-750ml-Glass-Bottle/10984592?athcpid=10984592&amp;athpgid=AthenaContentPage_8604954&amp;athcgid=null&amp;athznid=ItemCarousel_3932e350-8859-4a5e-8a6f-2298e5bce4df_items&amp;athieid=v0&amp;athstid=CS020&amp;athguid=fZ0TNvxS86RnhOIMqZXwWGGGu40sBHjwnBkn&amp;athancid=null&amp;athena=true&amp;athbdg=L1600"><span class="w_iUH7"><h3>Barefoot Pinot Grigio White Wine, California, 750ml Glass Bottle</h3></span></a><div class="h2 relative mv2"><span class="w_VbBP w_mFV6 w_awtt w_3oNC w_3H8O tag-leading-badge absolute">Best seller</span></div><div class="relative"><div class="relative overflow-hidden" style="max-width:226px;height:0;padding-bottom:min(226px, 100%);align-self:center;width:min(226px, 100%)"><img loading="lazy" srcset="https://i5.walmartimages.com/asr/61f04f1e-3c64-4b80-ba19-77a21bd20f8c.c4988d5b927b9c1d192fd842bb569201.jpeg?odnHeight=226&amp;odnWidth=226&amp;odnBg=FFFFFF 1x, https://i5.walmartimages.com/asr/61f04f1e-3c64-4b80-ba19-77a21bd20f8c.c4988d5b927b9c1d192fd842bb569201.jpeg?odnHeight=576&amp;odnWidth=576&amp;odnBg=FFFFFF 2x" src="https://i5.walmartimages.com/asr/61f04f1e-3c64-4b80-ba19-77a21bd20f8c.c4988d5b927b9c1d192fd842bb569201.jpeg?odnHeight=576&amp;odnWidth=576&amp;odnBg=FFFFFF" width="" height="" class="absolute top-0 left-0" data-testid="productTileImage" alt="Barefoot Pinot Grigio White Wine, California, 750ml Glass Bottle"/></div><div class="z-2 absolute bottom--1"><div class="relative dib" data-id="10984592"><button class="w_hhLG w_8nsR w_jDfj pointer bn sans-serif b ph2 flex items-center justify-center w-auto shadow-1" type="button" data-pcss-hide="true" data-automation-id="add-to-cart" aria-label="Add to cart - Barefoot Pinot Grigio White Wine, California, 750ml Glass Bottle"><i class="ld ld-Plus" style="font-size:1.5rem;vertical-align:-0.25em;width:1.5rem;height:1.5rem;box-sizing:content-box" title="add to cart"></i><span class="mr2">Add</span></button></div></div></div><div class="mt5 mb0" style="height:24px" data-testid="variant-10984592"></div><div data-automation-id="product-price" class="flex flex-wrap justify-start items-center lh-title mb1-m"><div class="mr1 mr2-xl b black lh-copy f5 f4-l" aria-hidden="true">$5.98</div><span class="w_iUH7">current price $5.98</span><div class="gray mr1 f7 f6-l">23.6 ¢/fl oz</div></div><span class=""><span class="w_V_DM" style="-webkit-line-clamp:3;padding-bottom:0em;margin-bottom:-0em"><span data-automation-id="product-title" class="normal dark-gray mb0 mt1 lh-title f6 f5-l">Barefoot Pinot Grigio White Wine, California, 750ml Glass Bottle</span></span></span><div class="flex items-center mt2"><span class="black inline-flex mr1" data-testid="product-ratings" data-value="4.3"><i class="ld ld-StarFill" style="font-size:12px;vertical-align:-0.175em;width:12px;height:12px;box-sizing:content-box" aria-hidden="true"></i><i class="ld ld-StarFill" style="font-size:12px;vertical-align:-0.175em;width:12px;height:12px;box-sizing:content-box" aria-hidden="true"></i><i class="ld ld-StarFill" style="font-size:12px;vertical-align:-0.175em;width:12px;height:12px;box-sizing:content-box" aria-hidden="true"></i><i class="ld ld-StarFill" style="font-size:12px;vertical-align:-0.175em;width:12px;height:12px;box-sizing:content-box" aria-hidden="true"></i><i class="ld ld-StarHalf" style="font-size:12px;vertical-align:-0.175em;width:12px;height:12px;box-sizing:content-box" aria-hidden="true"></i></span><span class="sans-serif gray f7" aria-hidden="true" data-testid="product-reviews" data-value="843">843</span><span class="w_iUH7">4.3 out of 5 Stars. 843 reviews</span></div><div></div><div class="mb2 mt2"><span class="w_iUH7">Available for Pickup or Delivery</span><span class="w_VbBP w_mFV6 w_I_19 w_3oNC w_AAn7 mr1 mt1 ph1" aria-hidden="true">Pickup</span><span class="w_VbBP w_mFV6 w_I_19 w_3oNC w_AAn7 mr1 mt1 ph1" aria-hidden="true">Delivery</span></div></div></li><li class="flex flex-column items-center pa1 pr2 pb2" data-slide="3"><div role="group" data-item-id="23554930" class="sans-serif mid-gray relative flex flex-column w-100 h-100 hide-child-opacity" data-testid="product-tile-3" aria-label="Product"><a link-identifier="23554930" class="absolute w-100 h-100 z-1 hide-sibling-opacity" target="" href="/ip/Kim-Crawford-Marlborough-Sauvignon-Blanc-White-Wine-750-ml-Bottle-13-ABV/23554930?athcpid=23554930&amp;athpgid=AthenaContentPage_8604954&amp;athcgid=null&amp;athznid=ItemCarousel_3932e350-8859-4a5e-8a6f-2298e5bce4df_items&amp;athieid=v0&amp;athstid=CS020&amp;athguid=fZ0TNvxS86RnhOIMqZXwWGGGu40sBHjwnBkn&amp;athancid=null&amp;athena=true&amp;athbdg=L1600"><span class="w_iUH7"><h3>Kim Crawford Marlborough Sauvignon Blanc White Wine, 750 ml Bottle, 13% ABV</h3></span></a><div class="h2 relative mv2"><span class="w_VbBP w_mFV6 w_awtt w_3oNC w_3H8O tag-leading-badge absolute">Best seller</span></div><div class="relative"><div class="relative overflow-hidden" style="max-width:226px;height:0;padding-bottom:min(226px, 100%);align-self:center;width:min(226px, 100%)"><img loading="lazy" srcset="https://i5.walmartimages.com/asr/01371c6d-c104-4eb4-a19e-da7bfea5ae50.4e26aa80b2ddde58dfda020b530101e6.jpeg?odnHeight=226&amp;odnWidth=226&amp;odnBg=FFFFFF 1x, https://i5.walmartimages.com/asr/01371c6d-c104-4eb4-a19e-da7bfea5ae50.4e26aa80b2ddde58dfda020b530101e6.jpeg?odnHeight=576&amp;odnWidth=576&amp;odnBg=FFFFFF 2x" src="https://i5.walmartimages.com/asr/01371c6d-c104-4eb4-a19e-da7bfea5ae50.4e26aa80b2ddde58dfda020b530101e6.jpeg?odnHeight=576&amp;odnWidth=576&amp;odnBg=FFFFFF" width="" height="" class="absolute top-0 left-0" data-testid="productTileImage" alt="Kim Crawford Marlborough Sauvignon Blanc White Wine, 750 ml Bottle, 13% ABV"/></div><div class="z-2 absolute bottom--1"><div class="relative dib" data-id="23554930"><button class="w_hhLG w_8nsR w_jDfj pointer bn sans-serif b ph2 flex items-center justify-center w-auto shadow-1" type="button" data-pcss-hide="true" data-automation-id="add-to-cart" aria-label="Add to cart - Kim Crawford Marlborough Sauvignon Blanc White Wine, 750 ml Bottle, 13% ABV"><i class="ld ld-Plus" style="font-size:1.5rem;vertical-align:-0.25em;width:1.5rem;height:1.5rem;box-sizing:content-box" title="add to cart"></i><span class="mr2">Add</span></button></div></div></div><div class="mt5 mb0" style="height:24px" data-testid="variant-23554930"></div><div data-automation-id="product-price" class="flex flex-wrap justify-start items-center lh-title mb1-m"><div class="mr1 mr2-xl b black lh-copy f5 f4-l" aria-hidden="true">$14.98</div><span class="w_iUH7">current price $14.98</span><div class="gray mr1 f7 f6-l">59.1 ¢/fl oz</div></div><span class=""><span class="w_V_DM" style="-webkit-line-clamp:3;padding-bottom:0em;margin-bottom:-0em"><span data-automation-id="product-title" class="normal dark-gray mb0 mt1 lh-title f6 f5-l">Kim Crawford Marlborough Sauvignon Blanc White Wine, 750 ml Bottle, 13% ABV</span></span></span><div class="flex items-center mt2"><span class="black inline-flex mr1" data-testid="product-ratings" data-value="4.7"><i class="ld ld-StarFill" style="font-size:12px;vertical-align:-0.175em;width:12px;height:12px;box-sizing:content-box" aria-hidden="true"></i><i class="ld ld-StarFill" style="font-size:12px;vertical-align:-0.175em;width:12px;height:12px;box-sizing:content-box" aria-hidden="true"></i><i class="ld ld-StarFill" style="font-size:12px;vertical-align:-0.175em;width:12px;height:12px;box-sizing:content-box" aria-hidden="true"></i><i class="ld ld-StarFill" style="font-size:12px;vertical-align:-0.175em;width:12px;height:12px;box-sizing:content-box" aria-hidden="true"></i><i class="ld ld-StarHalf" style="font-size:12px;vertical-align:-0.175em;width:12px;height:12px;box-sizing:content-box" aria-hidden="true"></i></span><span class="sans-serif gray f7" aria-hidden="true" data-testid="product-reviews" data-value="869">869</span><span class="w_iUH7">4.7 out of 5 Stars. 869 reviews</span></div><div></div><div class="mb2 mt2"><span class="w_iUH7">Available for Pickup or Delivery</span><span class="w_VbBP w_mFV6 w_I_19 w_3oNC w_AAn7 mr1 mt1 ph1" aria-hidden="true">Pickup</span><span class="w_VbBP w_mFV6 w_I_19 w_3oNC w_AAn7 mr1 mt1 ph1" aria-hidden="true">Delivery</span></div></div></li><li class="flex flex-column items-center pa1 pr2 pb2" data-slide="4"><div role="group" data-item-id="460047844" class="sans-serif mid-gray relative flex flex-column w-100 h-100 hide-child-opacity" data-testid="product-tile-4" aria-label="Product"><a link-identifier="460047844" class="absolute w-100 h-100 z-1 hide-sibling-opacity" target="" href="/ip/Stella-Rosa-Watermelon-Semi-Sweet-Ros-Wine-750ml-Glass-Bottle-Piedmont-Italy-Serving-Size-6oz/460047844?athcpid=460047844&amp;athpgid=AthenaContentPage_8604954&amp;athcgid=null&amp;athznid=ItemCarousel_3932e350-8859-4a5e-8a6f-2298e5bce4df_items&amp;athieid=v0&amp;athstid=CS020&amp;athguid=fZ0TNvxS86RnhOIMqZXwWGGGu40sBHjwnBkn&amp;athancid=null&amp;athena=true&amp;athbdg=L1600"><span class="w_iUH7"><h3>Stella Rosa Watermelon Semi-Sweet Rosé Wine, 750ml Glass Bottle, Piedmont, Italy Serving Size 6oz</h3></span></a><div class="h2 relative mv2"><span class="w_VbBP w_mFV6 w_awtt w_3oNC w_3H8O tag-leading-badge absolute">Best seller</span></div><div class="relative"><div class="relative overflow-hidden" style="max-width:226px;height:0;padding-bottom:min(226px, 100%);align-self:center;width:min(226px, 100%)"><img loading="lazy" srcset="https://i5.walmartimages.com/asr/d720fe79-633e-4a17-9425-1f76c3e8e2a6.8b51b853471070d5dc0b03e04e414622.jpeg?odnHeight=226&amp;odnWidth=226&amp;odnBg=FFFFFF 1x, https://i5.walmartimages.com/asr/d720fe79-633e-4a17-9425-1f76c3e8e2a6.8b51b853471070d5dc0b03e04e414622.jpeg?odnHeight=576&amp;odnWidth=576&amp;odnBg=FFFFFF 2x" src="https://i5.walmartimages.com/asr/d720fe79-633e-4a17-9425-1f76c3e8e2a6.8b51b853471070d5dc0b03e04e414622.jpeg?odnHeight=576&amp;odnWidth=576&amp;odnBg=FFFFFF" width="" height="" class="absolute top-0 left-0" data-testid="productTileImage" alt="Stella Rosa Watermelon Semi-Sweet Rosé Wine, 750ml Glass Bottle, Piedmont, Italy Serving Size 6oz"/></div><div class="z-2 absolute bottom--1"><div class="relative dib" data-id="460047844"><button class="w_hhLG w_8nsR w_jDfj pointer bn sans-serif b ph2 flex items-center justify-center w-auto shadow-1" type="button" data-pcss-hide="true" data-automation-id="add-to-cart" aria-label="Add to cart - Stella Rosa Watermelon Semi-Sweet Rosé Wine, 750ml Glass Bottle, Piedmont, Italy Serving Size 6oz"><i class="ld ld-Plus" style="font-size:1.5rem;vertical-align:-0.25em;width:1.5rem;height:1.5rem;box-sizing:content-box" title="add to cart"></i><span class="mr2">Add</span></button></div></div></div><div class="mt5 mb0" style="height:24px" data-testid="variant-460047844"></div><div data-automation-id="product-price" class="flex flex-wrap justify-start items-center lh-title mb1-m"><div class="mr1 mr2-xl b black lh-copy f5 f4-l" aria-hidden="true">$10.98</div><span class="w_iUH7">current price $10.98</span><div class="gray mr1 f7 f6-l">43.3 ¢/fl oz</div></div><span class=""><span class="w_V_DM" style="-webkit-line-clamp:3;padding-bottom:0em;margin-bottom:-0em"><span data-automation-id="product-title" class="normal dark-gray mb0 mt1 lh-title f6 f5-l">Stella Rosa Watermelon Semi-Sweet Rosé Wine, 750ml Glass Bottle, Piedmont, Italy Serving Size 6oz</span></span></span><div class="flex items-center mt2"><span class="black inline-flex mr1" data-testid="product-ratings" data-value="4.6"><i class="ld ld-StarFill" style="font-size:12px;vertical-align:-0.175em;width:12px;height:12px;box-sizing:content-box" aria-hidden="true"></i><i class="ld ld-StarFill" style="font-size:12px;vertical-align:-0.175em;width:12px;height:12px;box-sizing:content-box" aria-hidden="true"></i><i class="ld ld-StarFill" style="font-size:12px;vertical-align:-0.175em;width:12px;height:12px;box-sizing:content-box" aria-hidden="true"></i><i class="ld ld-StarFill" style="font-size:12px;vertical-align:-0.175em;width:12px;height:12px;box-sizing:content-box" aria-hidden="true"></i><i class="ld ld-StarHalf" style="font-size:12px;vertical-align:-0.175em;width:12px;height:12px;box-sizing:content-box" aria-hidden="true"></i></span><span class="sans-serif gray f7" aria-hidden="true" data-testid="product-reviews" data-value="74">74</span><span class="w_iUH7">4.6 out of 5 Stars. 74 reviews</span></div><div></div><div class="mb2 mt2"><span class="w_iUH7">Available for Pickup or Delivery</span><span class="w_VbBP w_mFV6 w_I_19 w_3oNC w_AAn7 mr1 mt1 ph1" aria-hidden="true">Pickup</span><span class="w_VbBP w_mFV6 w_I_19 w_3oNC w_AAn7 mr1 mt1 ph1" aria-hidden="true">Delivery</span></div></div></li><li class="flex flex-column items-center pa1 pr2 pb2" data-slide="5"><div role="group" data-item-id="149123688" class="sans-serif mid-gray relative flex flex-column w-100 h-100 hide-child-opacity" data-testid="product-tile-5" aria-label="Product"><a link-identifier="149123688" class="absolute w-100 h-100 z-1 hide-sibling-opacity" target="" href="/ip/Josh-Cellars-Califonia-Sauvignon-Blanc-White-Wine-750-ml/149123688?athcpid=149123688&amp;athpgid=AthenaContentPage_8604954&amp;athcgid=null&amp;athznid=ItemCarousel_3932e350-8859-4a5e-8a6f-2298e5bce4df_items&amp;athieid=v0&amp;athstid=CS020&amp;athguid=fZ0TNvxS86RnhOIMqZXwWGGGu40sBHjwnBkn&amp;athancid=null&amp;athena=true&amp;athbdg=L1600"><span class="w_iUH7"><h3>Josh Cellars Califonia Sauvignon Blanc White Wine, 750 ml</h3></span></a><div class="h2 relative mv2"><span class="w_VbBP w_mFV6 w_awtt w_3oNC w_3H8O tag-leading-badge absolute">Best seller</span></div><div class="relative"><div class="relative overflow-hidden" style="max-width:226px;height:0;padding-bottom:min(226px, 100%);align-self:center;width:min(226px, 100%)"><img loading="lazy" srcset="https://i5.walmartimages.com/asr/efe3f72d-9a5f-46a4-bf00-bfbeefd09a04.c211f3dc902a60ffca6ee8de681d5064.jpeg?odnHeight=226&amp;odnWidth=226&amp;odnBg=FFFFFF 1x, https://i5.walmartimages.com/asr/efe3f72d-9a5f-46a4-bf00-bfbeefd09a04.c211f3dc902a60ffca6ee8de681d5064.jpeg?odnHeight=576&amp;odnWidth=576&amp;odnBg=FFFFFF 2x" src="https://i5.walmartimages.com/asr/efe3f72d-9a5f-46a4-bf00-bfbeefd09a04.c211f3dc902a60ffca6ee8de681d5064.jpeg?odnHeight=576&amp;odnWidth=576&amp;odnBg=FFFFFF" width="" height="" class="absolute top-0 left-0" data-testid="productTileImage" alt="Josh Cellars Califonia Sauvignon Blanc White Wine, 750 ml"/></div><div class="z-2 absolute bottom--1"><div class="relative dib" data-id="149123688"><button class="w_hhLG w_8nsR w_jDfj pointer bn sans-serif b ph2 flex items-center justify-center w-auto shadow-1" type="button" data-pcss-hide="true" data-automation-id="add-to-cart" aria-label="Add to cart - Josh Cellars Califonia Sauvignon Blanc White Wine, 750 ml"><i class="ld ld-Plus" style="font-size:1.5rem;vertical-align:-0.25em;width:1.5rem;height:1.5rem;box-sizing:content-box" title="add to cart"></i><span class="mr2">Add</span></button></div></div></div><div class="mt5 mb0" style="height:24px" data-testid="variant-149123688"></div><div data-automation-id="product-price" class="flex flex-wrap justify-start items-center lh-title mb1-m"><div class="mr1 mr2-xl b black lh-copy f5 f4-l" aria-hidden="true">$10.98</div><span class="w_iUH7">current price $10.98</span><div class="gray mr1 f7 f6-l">43.3 ¢/fl oz</div></div><span class=""><span class="w_V_DM" style="-webkit-line-clamp:3;padding-bottom:0em;margin-bottom:-0em"><span data-automation-id="product-title" class="normal dark-gray mb0 mt1 lh-title f6 f5-l">Josh Cellars Califonia Sauvignon Blanc White Wine, 750 ml</span></span></span><div class="flex items-center mt2"><span class="black inline-flex mr1" data-testid="product-ratings" data-value="4.6"><i class="ld ld-StarFill" style="font-size:12px;vertical-align:-0.175em;width:12px;height:12px;box-sizing:content-box" aria-hidden="true"></i><i class="ld ld-StarFill" style="font-size:12px;vertical-align:-0.175em;width:12px;height:12px;box-sizing:content-box" aria-hidden="true"></i><i class="ld ld-StarFill" style="font-size:12px;vertical-align:-0.175em;width:12px;height:12px;box-sizing:content-box" aria-hidden="true"></i><i class="ld ld-StarFill" style="font-size:12px;vertical-align:-0.175em;width:12px;height:12px;box-sizing:content-box" aria-hidden="true"></i><i class="ld ld-StarHalf" style="font-size:12px;vertical-align:-0.175em;width:12px;height:12px;box-sizing:content-box" aria-hidden="true"></i></span><span class="sans-serif gray f7" aria-hidden="true" data-testid="product-reviews" data-value="16">16</span><span class="w_iUH7">4.6 out of 5 Stars. 16 reviews</span></div><div></div><div class="mb2 mt2"><span class="w_iUH7">Available for Pickup or Delivery</span><span class="w_VbBP w_mFV6 w_I_19 w_3oNC w_AAn7 mr1 mt1 ph1" aria-hidden="true">Pickup</span><span class="w_VbBP w_mFV6 w_I_19 w_3oNC w_AAn7 mr1 mt1 ph1" aria-hidden="true">Delivery</span></div></div></li><li class="flex flex-column items-center pa1 pr2 pb2" data-slide="6"><div role="group" data-item-id="119710853" class="sans-serif mid-gray relative flex flex-column w-100 h-100 hide-child-opacity" data-testid="product-tile-6" aria-label="Product"><a link-identifier="119710853" class="absolute w-100 h-100 z-1 hide-sibling-opacity" target="" href="/ip/Capriccio-Red-Sangria-Wine-Florida-13-9-ABV-750-ml-Glass-Bottle-5-150ml-Servings/119710853?athcpid=119710853&amp;athpgid=AthenaContentPage_8604954&amp;athcgid=null&amp;athznid=ItemCarousel_3932e350-8859-4a5e-8a6f-2298e5bce4df_items&amp;athieid=v0&amp;athstid=CS020&amp;athguid=fZ0TNvxS86RnhOIMqZXwWGGGu40sBHjwnBkn&amp;athancid=null&amp;athena=true"><span class="w_iUH7"><h3>Capriccio Red Sangria Wine, Florida, 13.9% ABV, 750 ml Glass Bottle, 5-150ml Servings</h3></span></a><div class="h2 relative mv2"></div><div class="relative"><div class="relative overflow-hidden" style="max-width:226px;height:0;padding-bottom:min(226px, 100%);align-self:center;width:min(226px, 100%)"><img loading="lazy" srcset="https://i5.walmartimages.com/asr/bd711048-c8dd-4bee-8d88-4ec199b6a791.dfecdb111a69a77f39047328e4b6b6b7.jpeg?odnHeight=226&amp;odnWidth=226&amp;odnBg=FFFFFF 1x, https://i5.walmartimages.com/asr/bd711048-c8dd-4bee-8d88-4ec199b6a791.dfecdb111a69a77f39047328e4b6b6b7.jpeg?odnHeight=576&amp;odnWidth=576&amp;odnBg=FFFFFF 2x" src="https://i5.walmartimages.com/asr/bd711048-c8dd-4bee-8d88-4ec199b6a791.dfecdb111a69a77f39047328e4b6b6b7.jpeg?odnHeight=576&amp;odnWidth=576&amp;odnBg=FFFFFF" width="" height="" class="absolute top-0 left-0" data-testid="productTileImage" alt="Capriccio Red Sangria Wine, Florida, 13.9% ABV, 750 ml Glass Bottle, 5-150ml Servings"/></div><div class="z-2 absolute bottom--1"><div class="relative dib" data-id="119710853"><button class="w_hhLG w_8nsR w_jDfj pointer bn sans-serif b ph2 flex items-center justify-center w-auto shadow-1" type="button" data-pcss-hide="true" data-automation-id="add-to-cart" aria-label="Add to cart - Capriccio Red Sangria Wine, Florida, 13.9% ABV, 750 ml Glass Bottle, 5-150ml Servings"><i class="ld ld-Plus" style="font-size:1.5rem;vertical-align:-0.25em;width:1.5rem;height:1.5rem;box-sizing:content-box" title="add to cart"></i><span class="mr2">Add</span></button></div></div></div><div class="mt5 mb0" style="height:24px" data-testid="variant-119710853"></div><div data-automation-id="product-price" class="flex flex-wrap justify-start items-center lh-title mb1-m"><div class="mr1 mr2-xl b black lh-copy f5 f4-l" aria-hidden="true">$8.48</div><span class="w_iUH7">current price $8.48</span><div class="gray mr1 f7 f6-l">33.4 ¢/fl oz</div></div><span class=""><span class="w_V_DM" style="-webkit-line-clamp:3;padding-bottom:0em;margin-bottom:-0em"><span data-automation-id="product-title" class="normal dark-gray mb0 mt1 lh-title f6 f5-l">Capriccio Red Sangria Wine, Florida, 13.9% ABV, 750 ml Glass Bottle, 5-150ml Servings</span></span></span><div class="flex items-center mt2"><span class="black inline-flex mr1" data-testid="product-ratings" data-value="5"><i class="ld ld-StarFill" style="font-size:12px;vertical-align:-0.175em;width:12px;height:12px;box-sizing:content-box" aria-hidden="true"></i><i class="ld ld-StarFill" style="font-size:12px;vertical-align:-0.175em;width:12px;height:12px;box-sizing:content-box" aria-hidden="true"></i><i class="ld ld-StarFill" style="font-size:12px;vertical-align:-0.175em;width:12px;height:12px;box-sizing:content-box" aria-hidden="true"></i><i class="ld ld-StarFill" style="font-size:12px;vertical-align:-0.175em;width:12px;height:12px;box-sizing:content-box" aria-hidden="true"></i><i class="ld ld-StarFill" style="font-size:12px;vertical-align:-0.175em;width:12px;height:12px;box-sizing:content-box" aria-hidden="true"></i></span><span class="sans-serif gray f7" aria-hidden="true" data-testid="product-reviews" data-value="2">2</span><span class="w_iUH7">5 out of 5 Stars. 2 reviews</span></div><div></div><div class="mb2 mt2"><span class="w_iUH7">Available for Pickup or Delivery</span><span class="w_VbBP w_mFV6 w_I_19 w_3oNC w_AAn7 mr1 mt1 ph1" aria-hidden="true">Pickup</span><span class="w_VbBP w_mFV6 w_I_19 w_3oNC w_AAn7 mr1 mt1 ph1" aria-hidden="true">Delivery</span></div></div></li><li class="flex flex-column items-center pa1 pr2 pb2" data-slide="7"><div role="group" data-item-id="188873570" class="sans-serif mid-gray relative flex flex-column w-100 h-100 hide-child-opacity" data-testid="product-tile-7" aria-label="Product"><a link-identifier="188873570" class="absolute w-100 h-100 z-1 hide-sibling-opacity" target="" href="/ip/Oyster-Bay-Sauvignon-Blanc-White-Wine-750ml/188873570?athcpid=188873570&amp;athpgid=AthenaContentPage_8604954&amp;athcgid=null&amp;athznid=ItemCarousel_3932e350-8859-4a5e-8a6f-2298e5bce4df_items&amp;athieid=v0&amp;athstid=CS020&amp;athguid=fZ0TNvxS86RnhOIMqZXwWGGGu40sBHjwnBkn&amp;athancid=null&amp;athena=true&amp;athbdg=L1600"><span class="w_iUH7"><h3>Oyster Bay Sauvignon Blanc White Wine, 750ml</h3></span></a><div class="h2 relative mv2"><span class="w_VbBP w_mFV6 w_awtt w_3oNC w_3H8O tag-leading-badge absolute">Best seller</span></div><div class="relative"><div class="relative overflow-hidden" style="max-width:226px;height:0;padding-bottom:min(226px, 100%);align-self:center;width:min(226px, 100%)"><img loading="lazy" srcset="https://i5.walmartimages.com/asr/307f7c03-9995-47e4-923e-377252326e65.1afe151b9b1a7fe2d08050ecb7e36587.jpeg?odnHeight=226&amp;odnWidth=226&amp;odnBg=FFFFFF 1x, https://i5.walmartimages.com/asr/307f7c03-9995-47e4-923e-377252326e65.1afe151b9b1a7fe2d08050ecb7e36587.jpeg?odnHeight=576&amp;odnWidth=576&amp;odnBg=FFFFFF 2x" src="https://i5.walmartimages.com/asr/307f7c03-9995-47e4-923e-377252326e65.1afe151b9b1a7fe2d08050ecb7e36587.jpeg?odnHeight=576&amp;odnWidth=576&amp;odnBg=FFFFFF" width="" height="" class="absolute top-0 left-0" data-testid="productTileImage" alt="Oyster Bay Sauvignon Blanc White Wine, 750ml"/></div><div class="z-2 absolute bottom--1"><div class="relative dib" data-id="188873570"><button class="w_hhLG w_8nsR w_jDfj pointer bn sans-serif b ph2 flex items-center justify-center w-auto shadow-1" type="button" data-pcss-hide="true" data-automation-id="add-to-cart" aria-label="Add to cart - Oyster Bay Sauvignon Blanc White Wine, 750ml"><i class="ld ld-Plus" style="font-size:1.5rem;vertical-align:-0.25em;width:1.5rem;height:1.5rem;box-sizing:content-box" title="add to cart"></i><span class="mr2">Add</span></button></div></div></div><div class="mt5 mb0" style="height:24px" data-testid="variant-188873570"></div><div data-automation-id="product-price" class="flex flex-wrap justify-start items-center lh-title mb1-m"><div class="mr1 mr2-xl b black lh-copy f5 f4-l" aria-hidden="true">$11.98</div><span class="w_iUH7">current price $11.98</span><div class="gray mr1 f7 f6-l">47.2 ¢/fl oz</div></div><span class=""><span class="w_V_DM" style="-webkit-line-clamp:3;padding-bottom:0em;margin-bottom:-0em"><span data-automation-id="product-title" class="normal dark-gray mb0 mt1 lh-title f6 f5-l">Oyster Bay Sauvignon Blanc White Wine, 750ml</span></span></span><div class="flex items-center mt2"><span class="black inline-flex mr1" data-testid="product-ratings" data-value="4.6"><i class="ld ld-StarFill" style="font-size:12px;vertical-align:-0.175em;width:12px;height:12px;box-sizing:content-box" aria-hidden="true"></i><i class="ld ld-StarFill" style="font-size:12px;vertical-align:-0.175em;width:12px;height:12px;box-sizing:content-box" aria-hidden="true"></i><i class="ld ld-StarFill" style="font-size:12px;vertical-align:-0.175em;width:12px;height:12px;box-sizing:content-box" aria-hidden="true"></i><i class="ld ld-StarFill" style="font-size:12px;vertical-align:-0.175em;width:12px;height:12px;box-sizing:content-box" aria-hidden="true"></i><i class="ld ld-StarHalf" style="font-size:12px;vertical-align:-0.175em;width:12px;height:12px;box-sizing:content-box" aria-hidden="true"></i></span><span class="sans-serif gray f7" aria-hidden="true" data-testid="product-reviews" data-value="96">96</span><span class="w_iUH7">4.6 out of 5 Stars. 96 reviews</span></div><div></div><div class="mb2 mt2"><span class="w_iUH7">Available for Pickup or Delivery</span><span class="w_VbBP w_mFV6 w_I_19 w_3oNC w_AAn7 mr1 mt1 ph1" aria-hidden="true">Pickup</span><span class="w_VbBP w_mFV6 w_I_19 w_3oNC w_AAn7 mr1 mt1 ph1" aria-hidden="true">Delivery</span></div></div></li><li class="flex flex-column items-center pa1 pr2 pb2" data-slide="8"><div role="group" data-item-id="132572479" class="sans-serif mid-gray relative flex flex-column w-100 h-100 hide-child-opacity" data-testid="product-tile-8" aria-label="Product"><a link-identifier="132572479" class="absolute w-100 h-100 z-1 hide-sibling-opacity" target="" href="/ip/Castello-Del-Poggio-Moscato-White-Wine-Italy-750ml-Glass-Bottle-5-150ml-Servings/132572479?athcpid=132572479&amp;athpgid=AthenaContentPage_8604954&amp;athcgid=null&amp;athznid=ItemCarousel_3932e350-8859-4a5e-8a6f-2298e5bce4df_items&amp;athieid=v0&amp;athstid=CS020&amp;athguid=fZ0TNvxS86RnhOIMqZXwWGGGu40sBHjwnBkn&amp;athancid=null&amp;athena=true"><span class="w_iUH7"><h3>Castello Del Poggio Moscato White Wine, Italy, 750ml Glass Bottle, 5-150ml Servings</h3></span></a><div class="h2 relative mv2"></div><div class="relative"><div class="relative overflow-hidden" style="max-width:226px;height:0;padding-bottom:min(226px, 100%);align-self:center;width:min(226px, 100%)"><img loading="lazy" srcset="https://i5.walmartimages.com/asr/6f2db628-fad0-4937-8962-4960d465875d.b49addc4d6593bbaa7eb9284ef0f2fcb.png?odnHeight=226&amp;odnWidth=226&amp;odnBg=FFFFFF 1x, https://i5.walmartimages.com/asr/6f2db628-fad0-4937-8962-4960d465875d.b49addc4d6593bbaa7eb9284ef0f2fcb.png?odnHeight=576&amp;odnWidth=576&amp;odnBg=FFFFFF 2x" src="https://i5.walmartimages.com/asr/6f2db628-fad0-4937-8962-4960d465875d.b49addc4d6593bbaa7eb9284ef0f2fcb.png?odnHeight=576&amp;odnWidth=576&amp;odnBg=FFFFFF" width="" height="" class="absolute top-0 left-0" data-testid="productTileImage" alt="Castello Del Poggio Moscato White Wine, Italy, 750ml Glass Bottle, 5-150ml Servings"/></div><div class="z-2 absolute bottom--1"><div class="relative dib" data-id="132572479"><button class="w_hhLG w_8nsR w_jDfj pointer bn sans-serif b ph2 flex items-center justify-center w-auto shadow-1" type="button" data-pcss-hide="true" data-automation-id="add-to-cart" aria-label="Add to cart - Castello Del Poggio Moscato White Wine, Italy, 750ml Glass Bottle, 5-150ml Servings"><i class="ld ld-Plus" style="font-size:1.5rem;vertical-align:-0.25em;width:1.5rem;height:1.5rem;box-sizing:content-box" title="add to cart"></i><span class="mr2">Add</span></button></div></div></div><div class="mt5 mb0" style="height:24px" data-testid="variant-132572479"></div><div data-automation-id="product-price" class="flex flex-wrap justify-start items-center lh-title mb1-m"><div class="mr1 mr2-xl b black lh-copy f5 f4-l" aria-hidden="true">$11.48</div><span class="w_iUH7">current price $11.48</span><div class="gray mr1 f7 f6-l">45.2 ¢/fl oz</div></div><span class=""><span class="w_V_DM" style="-webkit-line-clamp:3;padding-bottom:0em;margin-bottom:-0em"><span data-automation-id="product-title" class="normal dark-gray mb0 mt1 lh-title f6 f5-l">Castello Del Poggio Moscato White Wine, Italy, 750ml Glass Bottle, 5-150ml Servings</span></span></span><div class="flex items-center mt2"><span class="black inline-flex mr1" data-testid="product-ratings" data-value="4.8"><i class="ld ld-StarFill" style="font-size:12px;vertical-align:-0.175em;width:12px;height:12px;box-sizing:content-box" aria-hidden="true"></i><i class="ld ld-StarFill" style="font-size:12px;vertical-align:-0.175em;width:12px;height:12px;box-sizing:content-box" aria-hidden="true"></i><i class="ld ld-StarFill" style="font-size:12px;vertical-align:-0.175em;width:12px;height:12px;box-sizing:content-box" aria-hidden="true"></i><i class="ld ld-StarFill" style="font-size:12px;vertical-align:-0.175em;width:12px;height:12px;box-sizing:content-box" aria-hidden="true"></i><i class="ld ld-StarFill" style="font-size:12px;vertical-align:-0.175em;width:12px;height:12px;box-sizing:content-box" aria-hidden="true"></i></span><span class="sans-serif gray f7" aria-hidden="true" data-testid="product-reviews" data-value="37">37</span><span class="w_iUH7">4.8 out of 5 Stars. 37 reviews</span></div><div></div><div class="mb2 mt2"><span class="w_iUH7">Available for Pickup or Delivery</span><span class="w_VbBP w_mFV6 w_I_19 w_3oNC w_AAn7 mr1 mt1 ph1" aria-hidden="true">Pickup</span><span class="w_VbBP w_mFV6 w_I_19 w_3oNC w_AAn7 mr1 mt1 ph1" aria-hidden="true">Delivery</span></div></div></li><li class="flex flex-column items-center pa1 pr2 pb2" data-slide="9"><div role="group" data-item-id="164037297" class="sans-serif mid-gray relative flex flex-column w-100 h-100 hide-child-opacity" data-testid="product-tile-9" aria-label="Product"><a link-identifier="164037297" class="absolute w-100 h-100 z-1 hide-sibling-opacity" target="" href="/ip/Butter-Chardonnay-Wine-750-ML/164037297?athcpid=164037297&amp;athpgid=AthenaContentPage_8604954&amp;athcgid=null&amp;athznid=ItemCarousel_3932e350-8859-4a5e-8a6f-2298e5bce4df_items&amp;athieid=v0&amp;athstid=CS020&amp;athguid=fZ0TNvxS86RnhOIMqZXwWGGGu40sBHjwnBkn&amp;athancid=null&amp;athena=true"><span class="w_iUH7"><h3>Butter Chardonnay Wine, 750 ML</h3></span></a><div class="h2 relative mv2"></div><div class="relative"><div class="relative overflow-hidden" style="max-width:226px;height:0;padding-bottom:min(226px, 100%);align-self:center;width:min(226px, 100%)"><img loading="lazy" srcset="https://i5.walmartimages.com/asr/56f185b0-7af7-4cb5-b5d7-6a8371ca8d62.a405393847c94b316a2f493d70a56c95.jpeg?odnHeight=226&amp;odnWidth=226&amp;odnBg=FFFFFF 1x, https://i5.walmartimages.com/asr/56f185b0-7af7-4cb5-b5d7-6a8371ca8d62.a405393847c94b316a2f493d70a56c95.jpeg?odnHeight=576&amp;odnWidth=576&amp;odnBg=FFFFFF 2x" src="https://i5.walmartimages.com/asr/56f185b0-7af7-4cb5-b5d7-6a8371ca8d62.a405393847c94b316a2f493d70a56c95.jpeg?odnHeight=576&amp;odnWidth=576&amp;odnBg=FFFFFF" width="" height="" class="absolute top-0 left-0" data-testid="productTileImage" alt="Butter Chardonnay Wine, 750 ML"/></div><div class="z-2 absolute bottom--1"><div class="relative dib" data-id="164037297"><button class="w_hhLG w_8nsR w_jDfj pointer bn sans-serif b ph2 flex items-center justify-center w-auto shadow-1" type="button" data-pcss-hide="true" data-automation-id="add-to-cart" aria-label="Add to cart - Butter Chardonnay Wine, 750 ML"><i class="ld ld-Plus" style="font-size:1.5rem;vertical-align:-0.25em;width:1.5rem;height:1.5rem;box-sizing:content-box" title="add to cart"></i><span class="mr2">Add</span></button></div></div></div><div class="mt5 mb0" style="height:24px" data-testid="variant-164037297"></div><div data-automation-id="product-price" class="flex flex-wrap justify-start items-center lh-title mb1-m"><div class="mr1 mr2-xl b black lh-copy f5 f4-l" aria-hidden="true">$14.98</div><span class="w_iUH7">current price $14.98</span><div class="gray mr1 f7 f6-l">59.1 ¢/fl oz</div></div><span class=""><span class="w_V_DM" style="-webkit-line-clamp:3;padding-bottom:0em;margin-bottom:-0em"><span data-automation-id="product-title" class="normal dark-gray mb0 mt1 lh-title f6 f5-l">Butter Chardonnay Wine, 750 ML</span></span></span><div class="flex items-center mt2"><span class="black inline-flex mr1" data-testid="product-ratings" data-value="4.9"><i class="ld ld-StarFill" style="font-size:12px;vertical-align:-0.175em;width:12px;height:12px;box-sizing:content-box" aria-hidden="true"></i><i class="ld ld-StarFill" style="font-size:12px;vertical-align:-0.175em;width:12px;height:12px;box-sizing:content-box" aria-hidden="true"></i><i class="ld ld-StarFill" style="font-size:12px;vertical-align:-0.175em;width:12px;height:12px;box-sizing:content-box" aria-hidden="true"></i><i class="ld ld-StarFill" style="font-size:12px;vertical-align:-0.175em;width:12px;height:12px;box-sizing:content-box" aria-hidden="true"></i><i class="ld ld-StarFill" style="font-size:12px;vertical-align:-0.175em;width:12px;height:12px;box-sizing:content-box" aria-hidden="true"></i></span><span class="sans-serif gray f7" aria-hidden="true" data-testid="product-reviews" data-value="27">27</span><span class="w_iUH7">4.9 out of 5 Stars. 27 reviews</span></div><div></div><div class="mb2 mt2"><span class="w_iUH7">Available for Pickup or Delivery</span><span class="w_VbBP w_mFV6 w_I_19 w_3oNC w_AAn7 mr1 mt1 ph1" aria-hidden="true">Pickup</span><span class="w_VbBP w_mFV6 w_I_19 w_3oNC w_AAn7 mr1 mt1 ph1" aria-hidden="true">Delivery</span></div></div></li><li class="flex flex-column items-center pa1 pr2 pb2" data-slide="10"><div role="group" data-item-id="215509065" class="sans-serif mid-gray relative flex flex-column w-100 h-100 hide-child-opacity" data-testid="product-tile-10" aria-label="Product"><a link-identifier="215509065" class="absolute w-100 h-100 z-1 hide-sibling-opacity" target="" href="/ip/Stella-Rosa-Strawberry-Ros-Semi-Sweet-Ros-Wine-750ml-Glass-Bottle-Piedmont-Italy-Serving-Size-5oz/215509065?athcpid=215509065&amp;athpgid=AthenaContentPage_8604954&amp;athcgid=null&amp;athznid=ItemCarousel_3932e350-8859-4a5e-8a6f-2298e5bce4df_items&amp;athieid=v0&amp;athstid=CS020&amp;athguid=fZ0TNvxS86RnhOIMqZXwWGGGu40sBHjwnBkn&amp;athancid=null&amp;athena=true"><span class="w_iUH7"><h3>Stella Rosa Strawberry Rosé Semi-Sweet Rosé Wine, 750ml Glass Bottle Piedmont Italy Serving Size 5oz</h3></span></a><div class="h2 relative mv2"></div><div class="relative"><div class="relative overflow-hidden" style="max-width:226px;height:0;padding-bottom:min(226px, 100%);align-self:center;width:min(226px, 100%)"><img loading="lazy" srcset="https://i5.walmartimages.com/asr/f9b0dec2-e595-4994-b81c-356d7e1953de.b683e51b0930aced81a1029d59e72c52.jpeg?odnHeight=226&amp;odnWidth=226&amp;odnBg=FFFFFF 1x, https://i5.walmartimages.com/asr/f9b0dec2-e595-4994-b81c-356d7e1953de.b683e51b0930aced81a1029d59e72c52.jpeg?odnHeight=576&amp;odnWidth=576&amp;odnBg=FFFFFF 2x" src="https://i5.walmartimages.com/asr/f9b0dec2-e595-4994-b81c-356d7e1953de.b683e51b0930aced81a1029d59e72c52.jpeg?odnHeight=576&amp;odnWidth=576&amp;odnBg=FFFFFF" width="" height="" class="absolute top-0 left-0" data-testid="productTileImage" alt="Stella Rosa Strawberry Rosé Semi-Sweet Rosé Wine, 750ml Glass Bottle Piedmont Italy Serving Size 5oz"/></div><div class="z-2 absolute bottom--1"><div class="relative dib" data-id="215509065"><button class="w_hhLG w_8nsR w_jDfj pointer bn sans-serif b ph2 flex items-center justify-center w-auto shadow-1" type="button" data-pcss-hide="true" data-automation-id="add-to-cart" aria-label="Add to cart - Stella Rosa Strawberry Rosé Semi-Sweet Rosé Wine, 750ml Glass Bottle Piedmont Italy Serving Size 5oz"><i class="ld ld-Plus" style="font-size:1.5rem;vertical-align:-0.25em;width:1.5rem;height:1.5rem;box-sizing:content-box" title="add to cart"></i><span class="mr2">Add</span></button></div></div></div><div class="mt5 mb0" style="height:24px" data-testid="variant-215509065"></div><div data-automation-id="product-price" class="flex flex-wrap justify-start items-center lh-title mb1-m"><div class="mr1 mr2-xl b black lh-copy f5 f4-l" aria-hidden="true">$10.98</div><span class="w_iUH7">current price $10.98</span><div class="gray mr1 f7 f6-l">43.3 ¢/fl oz</div></div><span class=""><span class="w_V_DM" style="-webkit-line-clamp:3;padding-bottom:0em;margin-bottom:-0em"><span data-automation-id="product-title" class="normal dark-gray mb0 mt1 lh-title f6 f5-l">Stella Rosa Strawberry Rosé Semi-Sweet Rosé Wine, 750ml Glass Bottle Piedmont Italy Serving Size 5oz</span></span></span><div class="flex items-center mt2"><span class="black inline-flex mr1" data-testid="product-ratings" data-value="5"><i class="ld ld-StarFill" style="font-size:12px;vertical-align:-0.175em;width:12px;height:12px;box-sizing:content-box" aria-hidden="true"></i><i class="ld ld-StarFill" style="font-size:12px;vertical-align:-0.175em;width:12px;height:12px;box-sizing:content-box" aria-hidden="true"></i><i class="ld ld-StarFill" style="font-size:12px;vertical-align:-0.175em;width:12px;height:12px;box-sizing:content-box" aria-hidden="true"></i><i class="ld ld-StarFill" style="font-size:12px;vertical-align:-0.175em;width:12px;height:12px;box-sizing:content-box" aria-hidden="true"></i><i class="ld ld-StarFill" style="font-size:12px;vertical-align:-0.175em;width:12px;height:12px;box-sizing:content-box" aria-hidden="true"></i></span><span class="sans-serif gray f7" aria-hidden="true" data-testid="product-reviews" data-value="3">3</span><span class="w_iUH7">5 out of 5 Stars. 3 reviews</span></div><div></div><div class="mb2 mt2"><span class="w_iUH7">Available for Pickup or Delivery</span><span class="w_VbBP w_mFV6 w_I_19 w_3oNC w_AAn7 mr1 mt1 ph1" aria-hidden="true">Pickup</span><span class="w_VbBP w_mFV6 w_I_19 w_3oNC w_AAn7 mr1 mt1 ph1" aria-hidden="true">Delivery</span></div></div></li><li class="flex flex-column items-center pa1 pr2 pb2" data-slide="11"><div role="group" data-item-id="463713705" class="sans-serif mid-gray relative flex flex-column w-100 h-100 hide-child-opacity" data-testid="product-tile-11" aria-label="Product"><a link-identifier="463713705" class="absolute w-100 h-100 z-1 hide-sibling-opacity" target="" href="/ip/Barefoot-Fruitscato-California-Peach-Rose-Wine-750ml-Glass-Bottle/463713705?athcpid=463713705&amp;athpgid=AthenaContentPage_8604954&amp;athcgid=null&amp;athznid=ItemCarousel_3932e350-8859-4a5e-8a6f-2298e5bce4df_items&amp;athieid=v0&amp;athstid=CS020&amp;athguid=fZ0TNvxS86RnhOIMqZXwWGGGu40sBHjwnBkn&amp;athancid=null&amp;athena=true&amp;athbdg=L1600"><span class="w_iUH7"><h3>Barefoot Fruitscato California Peach Rose Wine, 750ml Glass Bottle</h3></span></a><div class="h2 relative mv2"><span class="w_VbBP w_mFV6 w_awtt w_3oNC w_3H8O tag-leading-badge absolute">Best seller</span></div><div class="relative"><div class="relative overflow-hidden" style="max-width:226px;height:0;padding-bottom:min(226px, 100%);align-self:center;width:min(226px, 100%)"><img loading="lazy" srcset="https://i5.walmartimages.com/asr/8783573b-1885-42b6-97be-e6dace73c4bc.019bb61161d6e7aefa8cd6041aa2bb31.png?odnHeight=226&amp;odnWidth=226&amp;odnBg=FFFFFF 1x, https://i5.walmartimages.com/asr/8783573b-1885-42b6-97be-e6dace73c4bc.019bb61161d6e7aefa8cd6041aa2bb31.png?odnHeight=576&amp;odnWidth=576&amp;odnBg=FFFFFF 2x" src="https://i5.walmartimages.com/asr/8783573b-1885-42b6-97be-e6dace73c4bc.019bb61161d6e7aefa8cd6041aa2bb31.png?odnHeight=576&amp;odnWidth=576&amp;odnBg=FFFFFF" width="" height="" class="absolute top-0 left-0" data-testid="productTileImage" alt="Barefoot Fruitscato California Peach Rose Wine, 750ml Glass Bottle"/></div><div class="z-2 absolute bottom--1"><div class="relative dib" data-id="463713705"><button class="w_hhLG w_8nsR w_jDfj pointer bn sans-serif b ph2 flex items-center justify-center w-auto shadow-1" type="button" data-pcss-hide="true" data-automation-id="add-to-cart" aria-label="Add to cart - Barefoot Fruitscato California Peach Rose Wine, 750ml Glass Bottle"><i class="ld ld-Plus" style="font-size:1.5rem;vertical-align:-0.25em;width:1.5rem;height:1.5rem;box-sizing:content-box" title="add to cart"></i><span class="mr2">Add</span></button></div></div></div><div class="mt5 mb0" style="height:24px" data-testid="variant-463713705"></div><div data-automation-id="product-price" class="flex flex-wrap justify-start items-center lh-title mb1-m"><div class="mr1 mr2-xl b black lh-copy f5 f4-l" aria-hidden="true">$5.98</div><span class="w_iUH7">current price $5.98</span><div class="gray mr1 f7 f6-l">23.6 ¢/fl oz</div></div><span class=""><span class="w_V_DM" style="-webkit-line-clamp:3;padding-bottom:0em;margin-bottom:-0em"><span data-automation-id="product-title" class="normal dark-gray mb0 mt1 lh-title f6 f5-l">Barefoot Fruitscato California Peach Rose Wine, 750ml Glass Bottle</span></span></span><div class="flex items-center mt2"><span class="black inline-flex mr1" data-testid="product-ratings" data-value="5"><i class="ld ld-StarFill" style="font-size:12px;vertical-align:-0.175em;width:12px;height:12px;box-sizing:content-box" aria-hidden="true"></i><i class="ld ld-StarFill" style="font-size:12px;vertical-align:-0.175em;width:12px;height:12px;box-sizing:content-box" aria-hidden="true"></i><i class="ld ld-StarFill" style="font-size:12px;vertical-align:-0.175em;width:12px;height:12px;box-sizing:content-box" aria-hidden="true"></i><i class="ld ld-StarFill" style="font-size:12px;vertical-align:-0.175em;width:12px;height:12px;box-sizing:content-box" aria-hidden="true"></i><i class="ld ld-StarFill" style="font-size:12px;vertical-align:-0.175em;width:12px;height:12px;box-sizing:content-box" aria-hidden="true"></i></span><span class="sans-serif gray f7" aria-hidden="true" data-testid="product-reviews" data-value="2">2</span><span class="w_iUH7">5 out of 5 Stars. 2 reviews</span></div><div></div><div class="mb2 mt2"><span class="w_iUH7">Available for Pickup or Delivery</span><span class="w_VbBP w_mFV6 w_I_19 w_3oNC w_AAn7 mr1 mt1 ph1" aria-hidden="true">Pickup</span><span class="w_VbBP w_mFV6 w_I_19 w_3oNC w_AAn7 mr1 mt1 ph1" aria-hidden="true">Delivery</span></div></div></li><li class="flex flex-column items-center pa1 pr2 pb2" data-slide="12"><div role="group" data-item-id="162649819" class="sans-serif mid-gray relative flex flex-column w-100 h-100 hide-child-opacity" data-testid="product-tile-12" aria-label="Product"><a link-identifier="162649819" class="absolute w-100 h-100 z-1 hide-sibling-opacity" target="" href="/ip/Stella-Rosa-Blueberry-Semi-Sweet-Red-Wine-750ml-Glass-Bottle-Piedmont-Italy-Serving-Size-5oz/162649819?athcpid=162649819&amp;athpgid=AthenaContentPage_8604954&amp;athcgid=null&amp;athznid=ItemCarousel_3932e350-8859-4a5e-8a6f-2298e5bce4df_items&amp;athieid=v0&amp;athstid=CS020&amp;athguid=fZ0TNvxS86RnhOIMqZXwWGGGu40sBHjwnBkn&amp;athancid=null&amp;athena=true"><span class="w_iUH7"><h3>Stella Rosa Blueberry Semi-Sweet Red Wine, 750ml Glass Bottle, Piedmont Italy, Serving Size 5oz</h3></span></a><div class="h2 relative mv2"></div><div class="relative"><div class="relative overflow-hidden" style="max-width:226px;height:0;padding-bottom:min(226px, 100%);align-self:center;width:min(226px, 100%)"><img loading="lazy" srcset="https://i5.walmartimages.com/asr/34ca206f-e09e-49a4-8b9b-26dade28957a.f8295ebbc92d114f4a76c4b0fe1d44d9.jpeg?odnHeight=226&amp;odnWidth=226&amp;odnBg=FFFFFF 1x, https://i5.walmartimages.com/asr/34ca206f-e09e-49a4-8b9b-26dade28957a.f8295ebbc92d114f4a76c4b0fe1d44d9.jpeg?odnHeight=576&amp;odnWidth=576&amp;odnBg=FFFFFF 2x" src="https://i5.walmartimages.com/asr/34ca206f-e09e-49a4-8b9b-26dade28957a.f8295ebbc92d114f4a76c4b0fe1d44d9.jpeg?odnHeight=576&amp;odnWidth=576&amp;odnBg=FFFFFF" width="" height="" class="absolute top-0 left-0" data-testid="productTileImage" alt="Stella Rosa Blueberry Semi-Sweet Red Wine, 750ml Glass Bottle, Piedmont Italy, Serving Size 5oz"/></div><div class="z-2 absolute bottom--1"><div class="relative dib" data-id="162649819"><button class="w_hhLG w_8nsR w_jDfj pointer bn sans-serif b ph2 flex items-center justify-center w-auto shadow-1" type="button" data-pcss-hide="true" data-automation-id="add-to-cart" aria-label="Add to cart - Stella Rosa Blueberry Semi-Sweet Red Wine, 750ml Glass Bottle, Piedmont Italy, Serving Size 5oz"><i class="ld ld-Plus" style="font-size:1.5rem;vertical-align:-0.25em;width:1.5rem;height:1.5rem;box-sizing:content-box" title="add to cart"></i><span class="mr2">Add</span></button></div></div></div><div class="mt5 mb0" style="height:24px" data-testid="variant-162649819"></div><div data-automation-id="product-price" class="flex flex-wrap justify-start items-center lh-title mb1-m"><div class="mr1 mr2-xl b black lh-copy f5 f4-l" aria-hidden="true">$10.98</div><span class="w_iUH7">current price $10.98</span><div class="gray mr1 f7 f6-l">43.3 ¢/fl oz</div></div><span class=""><span class="w_V_DM" style="-webkit-line-clamp:3;padding-bottom:0em;margin-bottom:-0em"><span data-automation-id="product-title" class="normal dark-gray mb0 mt1 lh-title f6 f5-l">Stella Rosa Blueberry Semi-Sweet Red Wine, 750ml Glass Bottle, Piedmont Italy, Serving Size 5oz</span></span></span><div class="flex items-center mt2"><span class="black inline-flex mr1" data-testid="product-ratings" data-value="4.7"><i class="ld ld-StarFill" style="font-size:12px;vertical-align:-0.175em;width:12px;height:12px;box-sizing:content-box" aria-hidden="true"></i><i class="ld ld-StarFill" style="font-size:12px;vertical-align:-0.175em;width:12px;height:12px;box-sizing:content-box" aria-hidden="true"></i><i class="ld ld-StarFill" style="font-size:12px;vertical-align:-0.175em;width:12px;height:12px;box-sizing:content-box" aria-hidden="true"></i><i class="ld ld-StarFill" style="font-size:12px;vertical-align:-0.175em;width:12px;height:12px;box-sizing:content-box" aria-hidden="true"></i><i class="ld ld-StarHalf" style="font-size:12px;vertical-align:-0.175em;width:12px;height:12px;box-sizing:content-box" aria-hidden="true"></i></span><span class="sans-serif gray f7" aria-hidden="true" data-testid="product-reviews" data-value="109">109</span><span class="w_iUH7">4.7 out of 5 Stars. 109 reviews</span></div><div></div><div class="mb2 mt2"><span class="w_iUH7">Available for Pickup or Delivery</span><span class="w_VbBP w_mFV6 w_I_19 w_3oNC w_AAn7 mr1 mt1 ph1" aria-hidden="true">Pickup</span><span class="w_VbBP w_mFV6 w_I_19 w_3oNC w_AAn7 mr1 mt1 ph1" aria-hidden="true">Delivery</span></div></div></li></ul><a link-identifier="horizontalScrollerNext" class="absolute dn z-5 bg-white br-100 pa0 pointer db-l br-100 nav-control right-1" aria-label="Next slide for Product Carousel list" data-testid="horizontal-scroller-next" role="button"><i class="ld ld-ChevronRight" style="font-size:1.5rem;vertical-align:-0.25em;padding:12px;width:1.5rem;height:1.5rem;box-sizing:content-box"></i></a></div></section></section></div> <div class="mv3 mv4-xl mh3 mb4-xl mb3 mr3-m mh0-l bb b--near-white" data-testid="HubSpokesNxM" id="HubSpokesNxM"><section><header class="flex justify-between items-baseline"><h2 class="w_kV33 w_Sl3f w_mvVb lh-title ma0">Featured brands</h2></header><div class="w_KPWk w_GxNv" role="list" id="Hubspokes4orNxMGrid"><div class="w_aoqv w_wRee w_fdPt w_VTyJ tc mt3 content-between flex-grow-0" role="listitem" id="GridColumn-0"><a link-identifier="32ee5320-66ca-11ed-bd03-bd25bed05a9b" class="no-underline sans-serif flex flex-column items-center" href="https://www.walmart.com/cp/2664155?povid=976759_hubspoke_8604954_Featuredbrands_LaCrema_Rweb_Oct_27"><img loading="lazy" srcset="https://i5.walmartimages.com/dfw/4ff9c6c9-34ee/k2-_cbc6cf68-9448-4a99-9d7e-c3bf9f28a34e.v1.jpg?odnHeight=290&amp;odnWidth=290&amp;odnBg=FFFFFF 1x," src="https://i5.walmartimages.com/dfw/4ff9c6c9-34ee/k2-_cbc6cf68-9448-4a99-9d7e-c3bf9f28a34e.v1.jpg?odnHeight=290&amp;odnWidth=290&amp;odnBg=FFFFFF" alt="" class="w-100 h-auto" width="290" height="290" style="width:;height:;max-width:290px"/><div class="w-100 tc"><span class="ma0 mid-gray lh-copy f5-l w_V_DM" style="height:">La Crema</span></div></a></div><div class="w_aoqv w_wRee w_fdPt w_VTyJ tc mt3 content-between flex-grow-0" role="listitem" id="GridColumn-1"><a link-identifier="3a013ce0-66ca-11ed-8484-d5c9b4754986" class="no-underline sans-serif flex flex-column items-center" href="https://www.walmart.com/cp/8252349?povid=976759_hubspoke_8604954_Featuredbrands_DaouVineyards_Rweb_Oct_27"><img loading="lazy" srcset="https://i5.walmartimages.com/dfw/4ff9c6c9-6db7/k2-_01755333-7640-4a8b-be38-f3dd30d119cb.v1.jpg?odnHeight=290&amp;odnWidth=290&amp;odnBg=FFFFFF 1x," src="https://i5.walmartimages.com/dfw/4ff9c6c9-6db7/k2-_01755333-7640-4a8b-be38-f3dd30d119cb.v1.jpg?odnHeight=290&amp;odnWidth=290&amp;odnBg=FFFFFF" alt="" class="w-100 h-auto" width="290" height="290" style="width:;height:;max-width:290px"/><div class="w-100 tc"><span class="ma0 mid-gray lh-copy f5-l w_V_DM" style="height:">Daou Vineyards</span></div></a></div><div class="w_aoqv w_wRee w_fdPt w_VTyJ tc mt3 content-between flex-grow-0" role="listitem" id="GridColumn-2"><a link-identifier="3f590920-66ca-11ed-a2b9-fb4858db1619" class="no-underline sans-serif flex flex-column items-center" href="https://www.walmart.com/cp/7281413?povid=976759_hubspoke_8604954_Featuredbrands_JoelGott_Rweb_Oct_27"><img loading="lazy" srcset="https://i5.walmartimages.com/dfw/4ff9c6c9-6094/k2-_6c2398cf-d974-4679-a40c-f6bda35f2646.v1.jpg?odnHeight=290&amp;odnWidth=290&amp;odnBg=FFFFFF 1x," src="https://i5.walmartimages.com/dfw/4ff9c6c9-6094/k2-_6c2398cf-d974-4679-a40c-f6bda35f2646.v1.jpg?odnHeight=290&amp;odnWidth=290&amp;odnBg=FFFFFF" alt="" class="w-100 h-auto" width="290" height="290" style="width:;height:;max-width:290px"/><div class="w-100 tc"><span class="ma0 mid-gray lh-copy f5-l w_V_DM" style="height:">Joel Gott</span></div></a></div><div class="w_aoqv w_wRee w_fdPt w_VTyJ tc mt3 content-between flex-grow-0" role="listitem" id="GridColumn-3"><a link-identifier="46d31920-66ca-11ed-a87f-71b968a89549" class="no-underline sans-serif flex flex-column items-center" href="https://www.walmart.com/cp/8975100?povid=976759_hubspoke_8604954_Featuredbrands_CoppolaDiamondcollection_Rweb_Oct_27"><img loading="lazy" srcset="https://i5.walmartimages.com/dfw/4ff9c6c9-b4da/k2-_ade861be-32b7-4b3a-879e-16f62403bed3.v1.jpg?odnHeight=290&amp;odnWidth=290&amp;odnBg=FFFFFF 1x," src="https://i5.walmartimages.com/dfw/4ff9c6c9-b4da/k2-_ade861be-32b7-4b3a-879e-16f62403bed3.v1.jpg?odnHeight=290&amp;odnWidth=290&amp;odnBg=FFFFFF" alt="" class="w-100 h-auto" width="290" height="290" style="width:;height:;max-width:290px"/><div class="w-100 tc"><span class="ma0 mid-gray lh-copy f5-l w_V_DM" style="height:">Coppola Diamond Collection</span></div></a></div><div class="w_aoqv w_wRee w_fdPt w_VTyJ tc mt3 content-between flex-grow-0" role="listitem" id="GridColumn-4"><a link-identifier="4d22b2e0-66ca-11ed-aa89-97d956c3c58f" class="no-underline sans-serif flex flex-column items-center" href="https://www.walmart.com/cp/4280327?povid=976759_hubspoke_8604954_Featuredbrands_MenageaTrois_Rweb_Oct_27"><img loading="lazy" srcset="https://i5.walmartimages.com/dfw/4ff9c6c9-ba14/k2-_371e7afe-f8ca-4fc9-a963-e2163a98336c.v1.jpg?odnHeight=290&amp;odnWidth=290&amp;odnBg=FFFFFF 1x," src="https://i5.walmartimages.com/dfw/4ff9c6c9-ba14/k2-_371e7afe-f8ca-4fc9-a963-e2163a98336c.v1.jpg?odnHeight=290&amp;odnWidth=290&amp;odnBg=FFFFFF" alt="" class="w-100 h-auto" width="290" height="290" style="width:;height:;max-width:290px"/><div class="w-100 tc"><span class="ma0 mid-gray lh-copy f5-l w_V_DM" style="height:">Ménage à Trois</span></div></a></div><div class="w_aoqv w_wRee w_fdPt w_VTyJ tc mt3 content-between flex-grow-0" role="listitem" id="GridColumn-5"><a link-identifier="546e11c0-66ca-11ed-8484-d5c9b4754986" class="no-underline sans-serif flex flex-column items-center" href="https://www.walmart.com/cp/1397506?povid=976759_hubspoke_8604954_Featuredbrands_AustinHope_Rweb_Oct_27"><img loading="lazy" srcset="https://i5.walmartimages.com/dfw/4ff9c6c9-b614/k2-_eafe0b87-3985-4a5c-92a5-d58a248eb239.v1.jpg?odnHeight=290&amp;odnWidth=290&amp;odnBg=FFFFFF 1x," src="https://i5.walmartimages.com/dfw/4ff9c6c9-b614/k2-_eafe0b87-3985-4a5c-92a5-d58a248eb239.v1.jpg?odnHeight=290&amp;odnWidth=290&amp;odnBg=FFFFFF" alt="" class="w-100 h-auto" width="290" height="290" style="width:;height:;max-width:290px"/><div class="w-100 tc"><span class="ma0 mid-gray lh-copy f5-l w_V_DM" style="height:">Austin Hope</span></div></a></div></div></section></div> <div class="mv3" role="region"><h2 class="mv4 f4">Serve the best</h2><div class="flex justify-between items-center flex-row"><section class="w-50"><a link-identifier="Generic Name" class="h-100 w-100" aria-label="Shop now, Pairs with your holiday." id="anchor=self-id" href="https://www.walmart.com/cp/clos-du-bois/2373175?povid=976759_1SKUand2SKU_8604954_Servethebest_Shopnow_Rweb_Nov_22"><img loading="lazy" srcset="https://i5.walmartimages.com/dfw/4ff9c6c9-ee49/k2-_50dd014a-18c6-4057-b1b5-d371ac6a0b5a.v1.jpg?odnHeight=470&amp;odnWidth=838&amp;odnBg=FFFFFF 1x, https://i5.walmartimages.com/dfw/4ff9c6c9-ee49/k2-_50dd014a-18c6-4057-b1b5-d371ac6a0b5a.v1.jpg?odnHeight=940&amp;odnWidth=1676&amp;odnBg=FFFFFF 2x" class="h-100 w-100" alt="Serve the best" src="https://i5.walmartimages.com/dfw/4ff9c6c9-ee49/k2-_50dd014a-18c6-4057-b1b5-d371ac6a0b5a.v1.jpg?odnHeight=470&amp;odnWidth=838&amp;odnBg=FFFFFF" height="470" width="838" aria-label="Shop now"/></a><div class="flex justify-between items-start items-center-m mt3-m"><p class="flex-start f6 black ma0 mr4 w-70">Pairs with your holiday.</p><a link-identifier="Generic Name" class="flex-end f6 black tr w-30" aria-label="Shop now, Pairs with your holiday." href="https://www.walmart.com/cp/clos-du-bois/2373175?povid=976759_1SKUand2SKU_8604954_Servethebest_Shopnow_Rweb_Nov_22">Shop now</a></div></section><section class="w-50"><div class="center ml3 ml0-l ph3-m"><section><section><div class="flex flex-column justify-center relative" data-testid="horizontal-scroller-One and two sku"><a link-identifier="horizontalScrollerPrevious" class="absolute dn z-5 bg-white br-100 pa0 pointer hidden-child br-100 nav-control left-1" aria-label="Previous slide for One and two sku list" data-testid="horizontal-scroller-previous" role="button"><i class="ld ld-ChevronLeft" style="font-size:1.5rem;vertical-align:-0.25em;padding:12px;width:1.5rem;height:1.5rem;box-sizing:content-box"></i></a><ul style="display:grid;grid-auto-flow:column;scroll-snap-type:x mandatory;max-height:fit-content" class="list ma0 pl0 overflow-x-scroll hidesb hidesb-wk relative overflow-y-hidden carousel-peek-2 carousel-2 mh6" data-testid="carousel-container"><li class="flex flex-column items-center pa1 pr2 pb2 center-m w-70" data-slide="0"></li><li class="flex flex-column items-center pa1 pr2 pb2 center-m w-70" data-slide="1"></li><li class="flex flex-column items-center pa1 pr2 pb2 center-m w-70" data-slide="2"></li><li class="flex flex-column items-center pa1 pr2 pb2 center-m w-70" data-slide="3"></li></ul><a link-identifier="horizontalScrollerNext" class="absolute dn z-5 bg-white br-100 pa0 pointer db-l br-100 nav-control right-1" aria-label="Next slide for One and two sku list" data-testid="horizontal-scroller-next" role="button"><i class="ld ld-ChevronRight" style="font-size:1.5rem;vertical-align:-0.25em;padding:12px;width:1.5rem;height:1.5rem;box-sizing:content-box"></i></a></div></section></section></div></section></div></div> <div class="mv3 mv4-xl ml3 ml0-l bb b--near-white"><section><section><header class="flex justify-between mb3 mb2-m pr3 pr4-m pr0-xl items-baseline"><section style="flex:1"><div><div><div class="inline-flex "><h2 class="f4 f3-m lh-title ma0 ">Buttery chardonnays</h2></div></div></div></section><a link-identifier="View all" class="black f6" href="https://www.walmart.com/browse/food/chardonnay/976759_2975985_8604954_8749992_2124811?povid=976759_itemcarousel_8604954_Butterychardonnays_Viewall_Rweb_Dec_6">View all</a></header><div class="flex flex-column justify-center relative" data-testid="horizontal-scroller-Product Carousel"><a link-identifier="horizontalScrollerPrevious" class="absolute dn z-5 bg-white br-100 pa0 pointer hidden-child br-100 nav-control left-1" aria-label="Previous slide for Product Carousel list" data-testid="horizontal-scroller-previous" role="button"><i class="ld ld-ChevronLeft" style="font-size:1.5rem;vertical-align:-0.25em;padding:12px;width:1.5rem;height:1.5rem;box-sizing:content-box"></i></a><ul style="display:grid;grid-auto-flow:column;scroll-snap-type:x mandatory;max-height:fit-content" class="list ma0 pl0 overflow-x-scroll hidesb hidesb-wk relative overflow-y-hidden carousel-peek-2 carousel-6-l carousel-3-m pr3-m" data-testid="carousel-container"><li class="flex flex-column items-center pa1 pr2 pb2" data-slide="0"><div role="group" data-item-id="164037297" class="sans-serif mid-gray relative flex flex-column w-100 h-100 hide-child-opacity" data-testid="product-tile-0" aria-label="Product"><a link-identifier="164037297" class="absolute w-100 h-100 z-1 hide-sibling-opacity" target="" href="/ip/Butter-Chardonnay-Wine-750-ML/164037297"><span class="w_iUH7"><h3>Butter Chardonnay Wine, 750 ML</h3></span></a><div class="h2 relative mv2"></div><div class="relative"><div class="relative overflow-hidden" style="max-width:226px;height:0;padding-bottom:min(226px, 100%);align-self:center;width:min(226px, 100%)"><img loading="lazy" srcset="https://i5.walmartimages.com/seo/Butter-Chardonnay-Wine-750-ML_56f185b0-7af7-4cb5-b5d7-6a8371ca8d62.a405393847c94b316a2f493d70a56c95.jpeg?odnHeight=226&amp;odnWidth=226&amp;odnBg=FFFFFF 1x, https://i5.walmartimages.com/seo/Butter-Chardonnay-Wine-750-ML_56f185b0-7af7-4cb5-b5d7-6a8371ca8d62.a405393847c94b316a2f493d70a56c95.jpeg?odnHeight=576&amp;odnWidth=576&amp;odnBg=FFFFFF 2x" src="https://i5.walmartimages.com/seo/Butter-Chardonnay-Wine-750-ML_56f185b0-7af7-4cb5-b5d7-6a8371ca8d62.a405393847c94b316a2f493d70a56c95.jpeg?odnHeight=576&amp;odnWidth=576&amp;odnBg=FFFFFF" width="" height="" class="absolute top-0 left-0" data-testid="productTileImage" alt="Butter Chardonnay Wine, 750 ML"/></div><div class="z-2 absolute bottom--1"><div class="relative dib" data-id="164037297"><button class="w_hhLG w_8nsR w_jDfj pointer bn sans-serif b ph2 flex items-center justify-center w-auto shadow-1" type="button" data-pcss-hide="true" data-automation-id="add-to-cart" aria-label="Add to cart - Butter Chardonnay Wine, 750 ML"><i class="ld ld-Plus" style="font-size:1.5rem;vertical-align:-0.25em;width:1.5rem;height:1.5rem;box-sizing:content-box" title="add to cart"></i><span class="mr2">Add</span></button></div></div></div><div class="mt5 mb0" style="height:24px" data-testid="variant-164037297"></div><div data-automation-id="product-price" class="flex flex-wrap justify-start items-center lh-title mb1-m"><div class="mr1 mr2-xl b black lh-copy f5 f4-l" aria-hidden="true">$14.98</div><span class="w_iUH7">current price $14.98</span><div class="gray mr1 f7 f6-l">59.1 ¢/fl oz</div></div><span class=""><span class="w_V_DM" style="-webkit-line-clamp:3;padding-bottom:0em;margin-bottom:-0em"><span data-automation-id="product-title" class="normal dark-gray mb0 mt1 lh-title f6 f5-l">Butter Chardonnay Wine, 750 ML</span></span></span><div class="flex items-center mt2"><span class="black inline-flex mr1" data-testid="product-ratings" data-value="4.9"><i class="ld ld-StarFill" style="font-size:12px;vertical-align:-0.175em;width:12px;height:12px;box-sizing:content-box" aria-hidden="true"></i><i class="ld ld-StarFill" style="font-size:12px;vertical-align:-0.175em;width:12px;height:12px;box-sizing:content-box" aria-hidden="true"></i><i class="ld ld-StarFill" style="font-size:12px;vertical-align:-0.175em;width:12px;height:12px;box-sizing:content-box" aria-hidden="true"></i><i class="ld ld-StarFill" style="font-size:12px;vertical-align:-0.175em;width:12px;height:12px;box-sizing:content-box" aria-hidden="true"></i><i class="ld ld-StarFill" style="font-size:12px;vertical-align:-0.175em;width:12px;height:12px;box-sizing:content-box" aria-hidden="true"></i></span><span class="sans-serif gray f7" aria-hidden="true" data-testid="product-reviews" data-value="27">27</span><span class="w_iUH7">4.9 out of 5 Stars. 27 reviews</span></div><div></div><div class="mb2 mt2"><span class="w_iUH7">Available for Pickup or Delivery</span><span class="w_VbBP w_mFV6 w_I_19 w_3oNC w_AAn7 mr1 mt1 ph1" aria-hidden="true">Pickup</span><span class="w_VbBP w_mFV6 w_I_19 w_3oNC w_AAn7 mr1 mt1 ph1" aria-hidden="true">Delivery</span></div></div></li><li class="flex flex-column items-center pa1 pr2 pb2" data-slide="1"><div role="group" data-item-id="10984604" class="sans-serif mid-gray relative flex flex-column w-100 h-100 hide-child-opacity" data-testid="product-tile-1" aria-label="Product"><a link-identifier="10984604" class="absolute w-100 h-100 z-1 hide-sibling-opacity" target="" href="/ip/Clos-Du-Bois-Chardonnay-White-Wine-750ml-Glass-Bottle/10984604"><span class="w_iUH7"><h3>Clos Du Bois Chardonnay, White Wine, 750ml Glass Bottle</h3></span></a><div class="h2 relative mv2"></div><div class="relative"><div class="relative overflow-hidden" style="max-width:226px;height:0;padding-bottom:min(226px, 100%);align-self:center;width:min(226px, 100%)"><img loading="lazy" srcset="https://i5.walmartimages.com/seo/Clos-Du-Bois-Chardonnay-White-Wine-750ml-Glass-Bottle_7b187fa2-e996-401d-b7d1-977b969b9a28.ea85760eed2ca1bcb2d872fe631f579c.jpeg?odnHeight=226&amp;odnWidth=226&amp;odnBg=FFFFFF 1x, https://i5.walmartimages.com/seo/Clos-Du-Bois-Chardonnay-White-Wine-750ml-Glass-Bottle_7b187fa2-e996-401d-b7d1-977b969b9a28.ea85760eed2ca1bcb2d872fe631f579c.jpeg?odnHeight=576&amp;odnWidth=576&amp;odnBg=FFFFFF 2x" src="https://i5.walmartimages.com/seo/Clos-Du-Bois-Chardonnay-White-Wine-750ml-Glass-Bottle_7b187fa2-e996-401d-b7d1-977b969b9a28.ea85760eed2ca1bcb2d872fe631f579c.jpeg?odnHeight=576&amp;odnWidth=576&amp;odnBg=FFFFFF" width="" height="" class="absolute top-0 left-0" data-testid="productTileImage" alt="Clos Du Bois Chardonnay, White Wine, 750ml Glass Bottle"/></div><div class="z-2 absolute bottom--1"><div class="relative dib" data-id="10984604"><button class="w_hhLG w_8nsR w_jDfj pointer bn sans-serif b ph2 flex items-center justify-center w-auto shadow-1" type="button" data-pcss-hide="true" data-automation-id="add-to-cart" aria-label="Add to cart - Clos Du Bois Chardonnay, White Wine, 750ml Glass Bottle"><i class="ld ld-Plus" style="font-size:1.5rem;vertical-align:-0.25em;width:1.5rem;height:1.5rem;box-sizing:content-box" title="add to cart"></i><span class="mr2">Add</span></button></div></div></div><div class="mt5 mb0" style="height:24px" data-testid="variant-10984604"></div><div data-automation-id="product-price" class="flex flex-wrap justify-start items-center lh-title mb1-m"><div class="mr1 mr2-xl b black lh-copy f5 f4-l" aria-hidden="true">$9.98</div><span class="w_iUH7">current price $9.98</span><div class="gray mr1 f7 f6-l">39.4 ¢/fl oz</div></div><span class=""><span class="w_V_DM" style="-webkit-line-clamp:3;padding-bottom:0em;margin-bottom:-0em"><span data-automation-id="product-title" class="normal dark-gray mb0 mt1 lh-title f6 f5-l">Clos Du Bois Chardonnay, White Wine, 750ml Glass Bottle</span></span></span><div class="flex items-center mt2"><span class="black inline-flex mr1" data-testid="product-ratings" data-value="4.4"><i class="ld ld-StarFill" style="font-size:12px;vertical-align:-0.175em;width:12px;height:12px;box-sizing:content-box" aria-hidden="true"></i><i class="ld ld-StarFill" style="font-size:12px;vertical-align:-0.175em;width:12px;height:12px;box-sizing:content-box" aria-hidden="true"></i><i class="ld ld-StarFill" style="font-size:12px;vertical-align:-0.175em;width:12px;height:12px;box-sizing:content-box" aria-hidden="true"></i><i class="ld ld-StarFill" style="font-size:12px;vertical-align:-0.175em;width:12px;height:12px;box-sizing:content-box" aria-hidden="true"></i><i class="ld ld-StarHalf" style="font-size:12px;vertical-align:-0.175em;width:12px;height:12px;box-sizing:content-box" aria-hidden="true"></i></span><span class="sans-serif gray f7" aria-hidden="true" data-testid="product-reviews" data-value="60">60</span><span class="w_iUH7">4.4 out of 5 Stars. 60 reviews</span></div><div></div><div class="mb2 mt2"><span class="w_iUH7">Available for Pickup or Delivery</span><span class="w_VbBP w_mFV6 w_I_19 w_3oNC w_AAn7 mr1 mt1 ph1" aria-hidden="true">Pickup</span><span class="w_VbBP w_mFV6 w_I_19 w_3oNC w_AAn7 mr1 mt1 ph1" aria-hidden="true">Delivery</span></div></div></li><li class="flex flex-column items-center pa1 pr2 pb2" data-slide="2"><div role="group" data-item-id="10984600" class="sans-serif mid-gray relative flex flex-column w-100 h-100 hide-child-opacity" data-testid="product-tile-2" aria-label="Product"><a link-identifier="10984600" class="absolute w-100 h-100 z-1 hide-sibling-opacity" target="" href="/ip/Robert-Mondavi-Private-Selection-Chardonnay-White-Wine-750-ml-Bottle-13-5-ABV/10984600"><span class="w_iUH7"><h3>Robert Mondavi Private Selection Chardonnay White Wine, 750 ml Bottle, 13.5% ABV</h3></span></a><div class="h2 relative mv2"></div><div class="relative"><div class="relative overflow-hidden" style="max-width:226px;height:0;padding-bottom:min(226px, 100%);align-self:center;width:min(226px, 100%)"><img loading="lazy" srcset="https://i5.walmartimages.com/seo/Robert-Mondavi-Private-Selection-Chardonnay-White-Wine-750-ml-Bottle-13-5-ABV_973d2778-07ff-463e-8677-9da5b0fb9065.3fe6091f854d2c425b31b9a28a8d376b.jpeg?odnHeight=226&amp;odnWidth=226&amp;odnBg=FFFFFF 1x, https://i5.walmartimages.com/seo/Robert-Mondavi-Private-Selection-Chardonnay-White-Wine-750-ml-Bottle-13-5-ABV_973d2778-07ff-463e-8677-9da5b0fb9065.3fe6091f854d2c425b31b9a28a8d376b.jpeg?odnHeight=576&amp;odnWidth=576&amp;odnBg=FFFFFF 2x" src="https://i5.walmartimages.com/seo/Robert-Mondavi-Private-Selection-Chardonnay-White-Wine-750-ml-Bottle-13-5-ABV_973d2778-07ff-463e-8677-9da5b0fb9065.3fe6091f854d2c425b31b9a28a8d376b.jpeg?odnHeight=576&amp;odnWidth=576&amp;odnBg=FFFFFF" width="" height="" class="absolute top-0 left-0" data-testid="productTileImage" alt="Robert Mondavi Private Selection Chardonnay White Wine, 750 ml Bottle, 13.5% ABV"/></div><div class="z-2 absolute bottom--1"><div class="relative dib" data-id="10984600"><button class="w_hhLG w_8nsR w_jDfj pointer bn sans-serif b ph2 flex items-center justify-center w-auto shadow-1" type="button" data-pcss-hide="true" data-automation-id="add-to-cart" aria-label="Add to cart - Robert Mondavi Private Selection Chardonnay White Wine, 750 ml Bottle, 13.5% ABV"><i class="ld ld-Plus" style="font-size:1.5rem;vertical-align:-0.25em;width:1.5rem;height:1.5rem;box-sizing:content-box" title="add to cart"></i><span class="mr2">Add</span></button></div></div></div><div class="mt5 mb0" style="height:24px" data-testid="variant-10984600"></div><div data-automation-id="product-price" class="flex flex-wrap justify-start items-center lh-title mb1-m"><div class="mr1 mr2-xl b black lh-copy f5 f4-l" aria-hidden="true">$8.98</div><span class="w_iUH7">current price $8.98</span><div class="gray mr1 f7 f6-l">35.4 ¢/fl oz</div></div><span class=""><span class="w_V_DM" style="-webkit-line-clamp:3;padding-bottom:0em;margin-bottom:-0em"><span data-automation-id="product-title" class="normal dark-gray mb0 mt1 lh-title f6 f5-l">Robert Mondavi Private Selection Chardonnay White Wine, 750 ml Bottle, 13.5% ABV</span></span></span><div class="flex items-center mt2"><span class="black inline-flex mr1" data-testid="product-ratings" data-value="4.5"><i class="ld ld-StarFill" style="font-size:12px;vertical-align:-0.175em;width:12px;height:12px;box-sizing:content-box" aria-hidden="true"></i><i class="ld ld-StarFill" style="font-size:12px;vertical-align:-0.175em;width:12px;height:12px;box-sizing:content-box" aria-hidden="true"></i><i class="ld ld-StarFill" style="font-size:12px;vertical-align:-0.175em;width:12px;height:12px;box-sizing:content-box" aria-hidden="true"></i><i class="ld ld-StarFill" style="font-size:12px;vertical-align:-0.175em;width:12px;height:12px;box-sizing:content-box" aria-hidden="true"></i><i class="ld ld-StarHalf" style="font-size:12px;vertical-align:-0.175em;width:12px;height:12px;box-sizing:content-box" aria-hidden="true"></i></span><span class="sans-serif gray f7" aria-hidden="true" data-testid="product-reviews" data-value="1031">1031</span><span class="w_iUH7">4.5 out of 5 Stars. 1031 reviews</span></div><div></div></div></li><li class="flex flex-column items-center pa1 pr2 pb2" data-slide="3"><div role="group" data-item-id="10984502" class="sans-serif mid-gray relative flex flex-column w-100 h-100 hide-child-opacity" data-testid="product-tile-3" aria-label="Product"><a link-identifier="10984502" class="absolute w-100 h-100 z-1 hide-sibling-opacity" target="" href="/ip/Barefoot-Cellars-Chardonnay-California-Wine-750-ml-Glass-Bottle/10984502"><span class="w_iUH7"><h3>Barefoot Cellars Chardonnay California Wine, 750 ml Glass Bottle</h3></span></a><div class="h2 relative mv2"></div><div class="relative"><div class="relative overflow-hidden" style="max-width:226px;height:0;padding-bottom:min(226px, 100%);align-self:center;width:min(226px, 100%)"><img loading="lazy" srcset="https://i5.walmartimages.com/seo/Barefoot-Cellars-Chardonnay-California-Wine-750-ml-Glass-Bottle_5e549df2-d052-460f-813b-959f91ee33be.349597c67374896a91d10509d4305a73.jpeg?odnHeight=226&amp;odnWidth=226&amp;odnBg=FFFFFF 1x, https://i5.walmartimages.com/seo/Barefoot-Cellars-Chardonnay-California-Wine-750-ml-Glass-Bottle_5e549df2-d052-460f-813b-959f91ee33be.349597c67374896a91d10509d4305a73.jpeg?odnHeight=576&amp;odnWidth=576&amp;odnBg=FFFFFF 2x" src="https://i5.walmartimages.com/seo/Barefoot-Cellars-Chardonnay-California-Wine-750-ml-Glass-Bottle_5e549df2-d052-460f-813b-959f91ee33be.349597c67374896a91d10509d4305a73.jpeg?odnHeight=576&amp;odnWidth=576&amp;odnBg=FFFFFF" width="" height="" class="absolute top-0 left-0" data-testid="productTileImage" alt="Barefoot Cellars Chardonnay California Wine, 750 ml Glass Bottle"/></div><div class="z-2 absolute bottom--1"><div class="relative dib" data-id="10984502"><button class="w_hhLG w_8nsR w_jDfj pointer bn sans-serif b ph2 flex items-center justify-center w-auto shadow-1" type="button" data-pcss-hide="true" data-automation-id="add-to-cart" aria-label="Add to cart - Barefoot Cellars Chardonnay California Wine, 750 ml Glass Bottle"><i class="ld ld-Plus" style="font-size:1.5rem;vertical-align:-0.25em;width:1.5rem;height:1.5rem;box-sizing:content-box" title="add to cart"></i><span class="mr2">Add</span></button></div></div></div><div class="mt5 mb0" style="height:24px" data-testid="variant-10984502"></div><div data-automation-id="product-price" class="flex flex-wrap justify-start items-center lh-title mb1-m"><div class="mr1 mr2-xl b black lh-copy f5 f4-l" aria-hidden="true">$5.98</div><span class="w_iUH7">current price $5.98</span><div class="gray mr1 f7 f6-l">23.6 ¢/fl oz</div></div><span class=""><span class="w_V_DM" style="-webkit-line-clamp:3;padding-bottom:0em;margin-bottom:-0em"><span data-automation-id="product-title" class="normal dark-gray mb0 mt1 lh-title f6 f5-l">Barefoot Cellars Chardonnay California Wine, 750 ml Glass Bottle</span></span></span><div class="flex items-center mt2"><span class="black inline-flex mr1" data-testid="product-ratings" data-value="4.2"><i class="ld ld-StarFill" style="font-size:12px;vertical-align:-0.175em;width:12px;height:12px;box-sizing:content-box" aria-hidden="true"></i><i class="ld ld-StarFill" style="font-size:12px;vertical-align:-0.175em;width:12px;height:12px;box-sizing:content-box" aria-hidden="true"></i><i class="ld ld-StarFill" style="font-size:12px;vertical-align:-0.175em;width:12px;height:12px;box-sizing:content-box" aria-hidden="true"></i><i class="ld ld-StarFill" style="font-size:12px;vertical-align:-0.175em;width:12px;height:12px;box-sizing:content-box" aria-hidden="true"></i><i class="ld ld-Star" style="font-size:12px;vertical-align:-0.175em;width:12px;height:12px;box-sizing:content-box" aria-hidden="true"></i></span><span class="sans-serif gray f7" aria-hidden="true" data-testid="product-reviews" data-value="384">384</span><span class="w_iUH7">4.2 out of 5 Stars. 384 reviews</span></div><div></div></div></li><li class="flex flex-column items-center pa1 pr2 pb2" data-slide="4"><div role="group" data-item-id="150712040" class="sans-serif mid-gray relative flex flex-column w-100 h-100 hide-child-opacity" data-testid="product-tile-4" aria-label="Product"><a link-identifier="150712040" class="absolute w-100 h-100 z-1 hide-sibling-opacity" target="" href="/ip/Barefoot-Cellars-Chardonnay-White-Wine-California-1-5-Liter-Glass-Bottle/150712040"><span class="w_iUH7"><h3>Barefoot Cellars Chardonnay White Wine, California, 1.5 Liter Glass Bottle</h3></span></a><div class="h2 relative mv2"></div><div class="relative"><div class="relative overflow-hidden" style="max-width:226px;height:0;padding-bottom:min(226px, 100%);align-self:center;width:min(226px, 100%)"><img loading="lazy" srcset="https://i5.walmartimages.com/seo/Barefoot-Cellars-Chardonnay-White-Wine-California-1-5-Liter-Glass-Bottle_1610cdd6-9bfd-43ea-8fd0-b23c578dea72.1dc1a0e71d6d45d4358a78477cadfb78.jpeg?odnHeight=226&amp;odnWidth=226&amp;odnBg=FFFFFF 1x, https://i5.walmartimages.com/seo/Barefoot-Cellars-Chardonnay-White-Wine-California-1-5-Liter-Glass-Bottle_1610cdd6-9bfd-43ea-8fd0-b23c578dea72.1dc1a0e71d6d45d4358a78477cadfb78.jpeg?odnHeight=576&amp;odnWidth=576&amp;odnBg=FFFFFF 2x" src="https://i5.walmartimages.com/seo/Barefoot-Cellars-Chardonnay-White-Wine-California-1-5-Liter-Glass-Bottle_1610cdd6-9bfd-43ea-8fd0-b23c578dea72.1dc1a0e71d6d45d4358a78477cadfb78.jpeg?odnHeight=576&amp;odnWidth=576&amp;odnBg=FFFFFF" width="" height="" class="absolute top-0 left-0" data-testid="productTileImage" alt="Barefoot Cellars Chardonnay White Wine, California, 1.5 Liter Glass Bottle"/></div><div class="z-2 absolute bottom--1"><div class="relative dib" data-id="150712040"><button class="w_hhLG w_8nsR w_jDfj pointer bn sans-serif b ph2 flex items-center justify-center w-auto shadow-1" type="button" data-pcss-hide="true" data-automation-id="add-to-cart" aria-label="Add to cart - Barefoot Cellars Chardonnay White Wine, California, 1.5 Liter Glass Bottle"><i class="ld ld-Plus" style="font-size:1.5rem;vertical-align:-0.25em;width:1.5rem;height:1.5rem;box-sizing:content-box" title="add to cart"></i><span class="mr2">Add</span></button></div></div></div><div class="mt5 mb0" style="height:24px" data-testid="variant-150712040"></div><div data-automation-id="product-price" class="flex flex-wrap justify-start items-center lh-title mb1-m"><div class="mr1 mr2-xl b black lh-copy f5 f4-l" aria-hidden="true">$9.98</div><span class="w_iUH7">current price $9.98</span><div class="gray mr1 f7 f6-l">19.7 ¢/fl oz</div></div><span class=""><span class="w_V_DM" style="-webkit-line-clamp:3;padding-bottom:0em;margin-bottom:-0em"><span data-automation-id="product-title" class="normal dark-gray mb0 mt1 lh-title f6 f5-l">Barefoot Cellars Chardonnay White Wine, California, 1.5 Liter Glass Bottle</span></span></span><div class="flex items-center mt2"><span class="black inline-flex mr1" data-testid="product-ratings" data-value="4.2"><i class="ld ld-StarFill" style="font-size:12px;vertical-align:-0.175em;width:12px;height:12px;box-sizing:content-box" aria-hidden="true"></i><i class="ld ld-StarFill" style="font-size:12px;vertical-align:-0.175em;width:12px;height:12px;box-sizing:content-box" aria-hidden="true"></i><i class="ld ld-StarFill" style="font-size:12px;vertical-align:-0.175em;width:12px;height:12px;box-sizing:content-box" aria-hidden="true"></i><i class="ld ld-StarFill" style="font-size:12px;vertical-align:-0.175em;width:12px;height:12px;box-sizing:content-box" aria-hidden="true"></i><i class="ld ld-Star" style="font-size:12px;vertical-align:-0.175em;width:12px;height:12px;box-sizing:content-box" aria-hidden="true"></i></span><span class="sans-serif gray f7" aria-hidden="true" data-testid="product-reviews" data-value="388">388</span><span class="w_iUH7">4.2 out of 5 Stars. 388 reviews</span></div><div></div></div></li><li class="flex flex-column items-center pa1 pr2 pb2" data-slide="5"><div role="group" data-item-id="54333767" class="sans-serif mid-gray relative flex flex-column w-100 h-100 hide-child-opacity" data-testid="product-tile-5" aria-label="Product"><a link-identifier="54333767" class="absolute w-100 h-100 z-1 hide-sibling-opacity" target="" href="/ip/Oak-Leaf-Vineyards-Chardonnay-White-Wine-3-L-Bag-In-Box-ABV-13-00/54333767"><span class="w_iUH7"><h3>Oak Leaf Vineyards Chardonnay White Wine, 3 L Bag In Box, ABV 13.00%</h3></span></a><div class="h2 relative mv2"></div><div class="relative"><div class="relative overflow-hidden" style="max-width:226px;height:0;padding-bottom:min(226px, 100%);align-self:center;width:min(226px, 100%)"><img loading="lazy" srcset="https://i5.walmartimages.com/seo/Oak-Leaf-Vineyards-Chardonnay-White-Wine-3-L-Bag-In-Box-ABV-13-00_2b564850-555d-4253-b4af-2453b4f2d95f.d33a1e20d4ee946f25844c0f3a0c3c10.jpeg?odnHeight=226&amp;odnWidth=226&amp;odnBg=FFFFFF 1x, https://i5.walmartimages.com/seo/Oak-Leaf-Vineyards-Chardonnay-White-Wine-3-L-Bag-In-Box-ABV-13-00_2b564850-555d-4253-b4af-2453b4f2d95f.d33a1e20d4ee946f25844c0f3a0c3c10.jpeg?odnHeight=576&amp;odnWidth=576&amp;odnBg=FFFFFF 2x" src="https://i5.walmartimages.com/seo/Oak-Leaf-Vineyards-Chardonnay-White-Wine-3-L-Bag-In-Box-ABV-13-00_2b564850-555d-4253-b4af-2453b4f2d95f.d33a1e20d4ee946f25844c0f3a0c3c10.jpeg?odnHeight=576&amp;odnWidth=576&amp;odnBg=FFFFFF" width="" height="" class="absolute top-0 left-0" data-testid="productTileImage" alt="Oak Leaf Vineyards Chardonnay White Wine, 3 L Bag In Box, ABV 13.00%"/></div><div class="z-2 absolute bottom--1"><div class="relative dib" data-id="54333767"><button class="w_hhLG w_8nsR w_jDfj pointer bn sans-serif b ph2 flex items-center justify-center w-auto shadow-1" type="button" data-pcss-hide="true" data-automation-id="add-to-cart" aria-label="Add to cart - Oak Leaf Vineyards Chardonnay White Wine, 3 L Bag In Box, ABV 13.00%"><i class="ld ld-Plus" style="font-size:1.5rem;vertical-align:-0.25em;width:1.5rem;height:1.5rem;box-sizing:content-box" title="add to cart"></i><span class="mr2">Add</span></button></div></div></div><div class="mt5 mb0" style="height:24px" data-testid="variant-54333767"></div><div data-automation-id="product-price" class="flex flex-wrap justify-start items-center lh-title mb1-m"><div class="mr1 mr2-xl b black lh-copy f5 f4-l" aria-hidden="true">$12.96</div><span class="w_iUH7">current price $12.96</span><div class="gray mr1 f7 f6-l">12.8 ¢/fl oz</div></div><span class=""><span class="w_V_DM" style="-webkit-line-clamp:3;padding-bottom:0em;margin-bottom:-0em"><span data-automation-id="product-title" class="normal dark-gray mb0 mt1 lh-title f6 f5-l">Oak Leaf Vineyards Chardonnay White Wine, 3 L Bag In Box, ABV 13.00%</span></span></span><div class="flex items-center mt2"><span class="black inline-flex mr1" data-testid="product-ratings" data-value="4"><i class="ld ld-StarFill" style="font-size:12px;vertical-align:-0.175em;width:12px;height:12px;box-sizing:content-box" aria-hidden="true"></i><i class="ld ld-StarFill" style="font-size:12px;vertical-align:-0.175em;width:12px;height:12px;box-sizing:content-box" aria-hidden="true"></i><i class="ld ld-StarFill" style="font-size:12px;vertical-align:-0.175em;width:12px;height:12px;box-sizing:content-box" aria-hidden="true"></i><i class="ld ld-StarFill" style="font-size:12px;vertical-align:-0.175em;width:12px;height:12px;box-sizing:content-box" aria-hidden="true"></i><i class="ld ld-Star" style="font-size:12px;vertical-align:-0.175em;width:12px;height:12px;box-sizing:content-box" aria-hidden="true"></i></span><span class="sans-serif gray f7" aria-hidden="true" data-testid="product-reviews" data-value="4">4</span><span class="w_iUH7">4 out of 5 Stars. 4 reviews</span></div><div></div></div></li></ul><a link-identifier="horizontalScrollerNext" class="absolute dn z-5 bg-white br-100 pa0 pointer db-l br-100 nav-control right-1" aria-label="Next slide for Product Carousel list" data-testid="horizontal-scroller-next" role="button"><i class="ld ld-ChevronRight" style="font-size:1.5rem;vertical-align:-0.25em;padding:12px;width:1.5rem;height:1.5rem;box-sizing:content-box"></i></a></div></section></section></div> <div class="mv3 mv4-xl ml3 ml0-l bb b--near-white"><section><section><header class="flex justify-between mb3 mb2-m pr3 pr4-m pr0-xl items-baseline"><section style="flex:1"><div><div><div class="inline-flex "><h2 class="f4 f3-m lh-title ma0 ">Crisp white wines</h2></div></div></div></section><a link-identifier="View all" class="black f6" href="https://www.walmart.com/browse/food/all-white-wine/976759_2975985_8604954_8749992_2962771?povid=976759_itemcarousel_8604954_Crispwhitewines_Viewall_Rweb_Dec_6">View all</a></header><div class="flex flex-column justify-center relative" data-testid="horizontal-scroller-Product Carousel"><a link-identifier="horizontalScrollerPrevious" class="absolute dn z-5 bg-white br-100 pa0 pointer hidden-child br-100 nav-control left-1" aria-label="Previous slide for Product Carousel list" data-testid="horizontal-scroller-previous" role="button"><i class="ld ld-ChevronLeft" style="font-size:1.5rem;vertical-align:-0.25em;padding:12px;width:1.5rem;height:1.5rem;box-sizing:content-box"></i></a><ul style="display:grid;grid-auto-flow:column;scroll-snap-type:x mandatory;max-height:fit-content" class="list ma0 pl0 overflow-x-scroll hidesb hidesb-wk relative overflow-y-hidden carousel-peek-2 carousel-6-l carousel-3-m pr3-m" data-testid="carousel-container"><li class="flex flex-column items-center pa1 pr2 pb2" data-slide="0"><div role="group" data-item-id="10984592" class="sans-serif mid-gray relative flex flex-column w-100 h-100 hide-child-opacity" data-testid="product-tile-0" aria-label="Product"><a link-identifier="10984592" class="absolute w-100 h-100 z-1 hide-sibling-opacity" target="" href="/ip/Barefoot-Pinot-Grigio-White-Wine-California-750ml-Glass-Bottle/10984592"><span class="w_iUH7"><h3>Barefoot Pinot Grigio White Wine, California, 750ml Glass Bottle</h3></span></a><div class="h2 relative mv2"><span class="w_VbBP w_mFV6 w_awtt w_3oNC w_3H8O tag-leading-badge absolute">Best seller</span></div><div class="relative"><div class="relative overflow-hidden" style="max-width:226px;height:0;padding-bottom:min(226px, 100%);align-self:center;width:min(226px, 100%)"><img loading="lazy" srcset="https://i5.walmartimages.com/seo/Barefoot-Pinot-Grigio-White-Wine-California-750ml-Glass-Bottle_61f04f1e-3c64-4b80-ba19-77a21bd20f8c.c4988d5b927b9c1d192fd842bb569201.jpeg?odnHeight=226&amp;odnWidth=226&amp;odnBg=FFFFFF 1x, https://i5.walmartimages.com/seo/Barefoot-Pinot-Grigio-White-Wine-California-750ml-Glass-Bottle_61f04f1e-3c64-4b80-ba19-77a21bd20f8c.c4988d5b927b9c1d192fd842bb569201.jpeg?odnHeight=576&amp;odnWidth=576&amp;odnBg=FFFFFF 2x" src="https://i5.walmartimages.com/seo/Barefoot-Pinot-Grigio-White-Wine-California-750ml-Glass-Bottle_61f04f1e-3c64-4b80-ba19-77a21bd20f8c.c4988d5b927b9c1d192fd842bb569201.jpeg?odnHeight=576&amp;odnWidth=576&amp;odnBg=FFFFFF" width="" height="" class="absolute top-0 left-0" data-testid="productTileImage" alt="Barefoot Pinot Grigio White Wine, California, 750ml Glass Bottle"/></div><div class="z-2 absolute bottom--1"><div class="relative dib" data-id="10984592"><button class="w_hhLG w_8nsR w_jDfj pointer bn sans-serif b ph2 flex items-center justify-center w-auto shadow-1" type="button" data-pcss-hide="true" data-automation-id="add-to-cart" aria-label="Add to cart - Barefoot Pinot Grigio White Wine, California, 750ml Glass Bottle"><i class="ld ld-Plus" style="font-size:1.5rem;vertical-align:-0.25em;width:1.5rem;height:1.5rem;box-sizing:content-box" title="add to cart"></i><span class="mr2">Add</span></button></div></div></div><div class="mt5 mb0" style="height:24px" data-testid="variant-10984592"></div><div data-automation-id="product-price" class="flex flex-wrap justify-start items-center lh-title mb1-m"><div class="mr1 mr2-xl b black lh-copy f5 f4-l" aria-hidden="true">$5.98</div><span class="w_iUH7">current price $5.98</span><div class="gray mr1 f7 f6-l">23.6 ¢/fl oz</div></div><span class=""><span class="w_V_DM" style="-webkit-line-clamp:3;padding-bottom:0em;margin-bottom:-0em"><span data-automation-id="product-title" class="normal dark-gray mb0 mt1 lh-title f6 f5-l">Barefoot Pinot Grigio White Wine, California, 750ml Glass Bottle</span></span></span><div class="flex items-center mt2"><span class="black inline-flex mr1" data-testid="product-ratings" data-value="4.3"><i class="ld ld-StarFill" style="font-size:12px;vertical-align:-0.175em;width:12px;height:12px;box-sizing:content-box" aria-hidden="true"></i><i class="ld ld-StarFill" style="font-size:12px;vertical-align:-0.175em;width:12px;height:12px;box-sizing:content-box" aria-hidden="true"></i><i class="ld ld-StarFill" style="font-size:12px;vertical-align:-0.175em;width:12px;height:12px;box-sizing:content-box" aria-hidden="true"></i><i class="ld ld-StarFill" style="font-size:12px;vertical-align:-0.175em;width:12px;height:12px;box-sizing:content-box" aria-hidden="true"></i><i class="ld ld-StarHalf" style="font-size:12px;vertical-align:-0.175em;width:12px;height:12px;box-sizing:content-box" aria-hidden="true"></i></span><span class="sans-serif gray f7" aria-hidden="true" data-testid="product-reviews" data-value="843">843</span><span class="w_iUH7">4.3 out of 5 Stars. 843 reviews</span></div><div></div><div class="mb2 mt2"><span class="w_iUH7">Available for Pickup or Delivery</span><span class="w_VbBP w_mFV6 w_I_19 w_3oNC w_AAn7 mr1 mt1 ph1" aria-hidden="true">Pickup</span><span class="w_VbBP w_mFV6 w_I_19 w_3oNC w_AAn7 mr1 mt1 ph1" aria-hidden="true">Delivery</span></div></div></li><li class="flex flex-column items-center pa1 pr2 pb2" data-slide="1"><div role="group" data-item-id="12170312" class="sans-serif mid-gray relative flex flex-column w-100 h-100 hide-child-opacity" data-testid="product-tile-1" aria-label="Product"><a link-identifier="12170312" class="absolute w-100 h-100 z-1 hide-sibling-opacity" target="" href="/ip/Oak-Leaf-Vineyards-Pinot-Grigio-Colombard-White-Wine-750-ml-Glass-ABV-11-50/12170312"><span class="w_iUH7"><h3>Oak Leaf Vineyards Pinot Grigio/Colombard White Wine, 750 ml Glass, ABV 11.50%</h3></span></a><div class="h2 relative mv2"></div><div class="relative"><div class="relative overflow-hidden" style="max-width:226px;height:0;padding-bottom:min(226px, 100%);align-self:center;width:min(226px, 100%)"><img loading="lazy" srcset="https://i5.walmartimages.com/seo/Oak-Leaf-Vineyards-Pinot-Grigio-Colombard-White-Wine-750-ml-Glass-ABV-11-50_dbabbec4-c6fc-47a8-ab0f-9773384853e1.b1c411392fbfd6927442239fdddb6577.jpeg?odnHeight=226&amp;odnWidth=226&amp;odnBg=FFFFFF 1x, https://i5.walmartimages.com/seo/Oak-Leaf-Vineyards-Pinot-Grigio-Colombard-White-Wine-750-ml-Glass-ABV-11-50_dbabbec4-c6fc-47a8-ab0f-9773384853e1.b1c411392fbfd6927442239fdddb6577.jpeg?odnHeight=576&amp;odnWidth=576&amp;odnBg=FFFFFF 2x" src="https://i5.walmartimages.com/seo/Oak-Leaf-Vineyards-Pinot-Grigio-Colombard-White-Wine-750-ml-Glass-ABV-11-50_dbabbec4-c6fc-47a8-ab0f-9773384853e1.b1c411392fbfd6927442239fdddb6577.jpeg?odnHeight=576&amp;odnWidth=576&amp;odnBg=FFFFFF" width="" height="" class="absolute top-0 left-0" data-testid="productTileImage" alt="Oak Leaf Vineyards Pinot Grigio/Colombard White Wine, 750 ml Glass, ABV 11.50%"/></div><div class="z-2 absolute bottom--1"><div class="relative dib" data-id="12170312"><button class="w_hhLG w_8nsR w_jDfj pointer bn sans-serif b ph2 flex items-center justify-center w-auto shadow-1" type="button" data-pcss-hide="true" data-automation-id="add-to-cart" aria-label="Add to cart - Oak Leaf Vineyards Pinot Grigio/Colombard White Wine, 750 ml Glass, ABV 11.50%"><i class="ld ld-Plus" style="font-size:1.5rem;vertical-align:-0.25em;width:1.5rem;height:1.5rem;box-sizing:content-box" title="add to cart"></i><span class="mr2">Add</span></button></div></div></div><div class="mt5 mb0" style="height:24px" data-testid="variant-12170312"></div><div data-automation-id="product-price" class="flex flex-wrap justify-start items-center lh-title mb1-m"><div class="mr1 mr2-xl b black lh-copy f5 f4-l" aria-hidden="true">$3.46</div><span class="w_iUH7">current price $3.46</span><div class="gray mr1 f7 f6-l">13.6 ¢/fl oz</div></div><span class=""><span class="w_V_DM" style="-webkit-line-clamp:3;padding-bottom:0em;margin-bottom:-0em"><span data-automation-id="product-title" class="normal dark-gray mb0 mt1 lh-title f6 f5-l">Oak Leaf Vineyards Pinot Grigio/Colombard White Wine, 750 ml Glass, ABV 11.50%</span></span></span><div class="flex items-center mt2"><span class="black inline-flex mr1" data-testid="product-ratings" data-value="4"><i class="ld ld-StarFill" style="font-size:12px;vertical-align:-0.175em;width:12px;height:12px;box-sizing:content-box" aria-hidden="true"></i><i class="ld ld-StarFill" style="font-size:12px;vertical-align:-0.175em;width:12px;height:12px;box-sizing:content-box" aria-hidden="true"></i><i class="ld ld-StarFill" style="font-size:12px;vertical-align:-0.175em;width:12px;height:12px;box-sizing:content-box" aria-hidden="true"></i><i class="ld ld-StarFill" style="font-size:12px;vertical-align:-0.175em;width:12px;height:12px;box-sizing:content-box" aria-hidden="true"></i><i class="ld ld-Star" style="font-size:12px;vertical-align:-0.175em;width:12px;height:12px;box-sizing:content-box" aria-hidden="true"></i></span><span class="sans-serif gray f7" aria-hidden="true" data-testid="product-reviews" data-value="24">24</span><span class="w_iUH7">4 out of 5 Stars. 24 reviews</span></div><div></div></div></li><li class="flex flex-column items-center pa1 pr2 pb2" data-slide="2"><div role="group" data-item-id="149123688" class="sans-serif mid-gray relative flex flex-column w-100 h-100 hide-child-opacity" data-testid="product-tile-2" aria-label="Product"><a link-identifier="149123688" class="absolute w-100 h-100 z-1 hide-sibling-opacity" target="" href="/ip/Josh-Cellars-Califonia-Sauvignon-Blanc-White-Wine-750-ml/149123688"><span class="w_iUH7"><h3>Josh Cellars Califonia Sauvignon Blanc White Wine, 750 ml</h3></span></a><div class="h2 relative mv2"><span class="w_VbBP w_mFV6 w_awtt w_3oNC w_3H8O tag-leading-badge absolute">Best seller</span></div><div class="relative"><div class="relative overflow-hidden" style="max-width:226px;height:0;padding-bottom:min(226px, 100%);align-self:center;width:min(226px, 100%)"><img loading="lazy" srcset="https://i5.walmartimages.com/seo/Josh-Cellars-Califonia-Sauvignon-Blanc-White-Wine-750-ml_efe3f72d-9a5f-46a4-bf00-bfbeefd09a04.c211f3dc902a60ffca6ee8de681d5064.jpeg?odnHeight=226&amp;odnWidth=226&amp;odnBg=FFFFFF 1x, https://i5.walmartimages.com/seo/Josh-Cellars-Califonia-Sauvignon-Blanc-White-Wine-750-ml_efe3f72d-9a5f-46a4-bf00-bfbeefd09a04.c211f3dc902a60ffca6ee8de681d5064.jpeg?odnHeight=576&amp;odnWidth=576&amp;odnBg=FFFFFF 2x" src="https://i5.walmartimages.com/seo/Josh-Cellars-Califonia-Sauvignon-Blanc-White-Wine-750-ml_efe3f72d-9a5f-46a4-bf00-bfbeefd09a04.c211f3dc902a60ffca6ee8de681d5064.jpeg?odnHeight=576&amp;odnWidth=576&amp;odnBg=FFFFFF" width="" height="" class="absolute top-0 left-0" data-testid="productTileImage" alt="Josh Cellars Califonia Sauvignon Blanc White Wine, 750 ml"/></div><div class="z-2 absolute bottom--1"><div class="relative dib" data-id="149123688"><button class="w_hhLG w_8nsR w_jDfj pointer bn sans-serif b ph2 flex items-center justify-center w-auto shadow-1" type="button" data-pcss-hide="true" data-automation-id="add-to-cart" aria-label="Add to cart - Josh Cellars Califonia Sauvignon Blanc White Wine, 750 ml"><i class="ld ld-Plus" style="font-size:1.5rem;vertical-align:-0.25em;width:1.5rem;height:1.5rem;box-sizing:content-box" title="add to cart"></i><span class="mr2">Add</span></button></div></div></div><div class="mt5 mb0" style="height:24px" data-testid="variant-149123688"></div><div data-automation-id="product-price" class="flex flex-wrap justify-start items-center lh-title mb1-m"><div class="mr1 mr2-xl b black lh-copy f5 f4-l" aria-hidden="true">$10.98</div><span class="w_iUH7">current price $10.98</span><div class="gray mr1 f7 f6-l">43.3 ¢/fl oz</div></div><span class=""><span class="w_V_DM" style="-webkit-line-clamp:3;padding-bottom:0em;margin-bottom:-0em"><span data-automation-id="product-title" class="normal dark-gray mb0 mt1 lh-title f6 f5-l">Josh Cellars Califonia Sauvignon Blanc White Wine, 750 ml</span></span></span><div class="flex items-center mt2"><span class="black inline-flex mr1" data-testid="product-ratings" data-value="4.6"><i class="ld ld-StarFill" style="font-size:12px;vertical-align:-0.175em;width:12px;height:12px;box-sizing:content-box" aria-hidden="true"></i><i class="ld ld-StarFill" style="font-size:12px;vertical-align:-0.175em;width:12px;height:12px;box-sizing:content-box" aria-hidden="true"></i><i class="ld ld-StarFill" style="font-size:12px;vertical-align:-0.175em;width:12px;height:12px;box-sizing:content-box" aria-hidden="true"></i><i class="ld ld-StarFill" style="font-size:12px;vertical-align:-0.175em;width:12px;height:12px;box-sizing:content-box" aria-hidden="true"></i><i class="ld ld-StarHalf" style="font-size:12px;vertical-align:-0.175em;width:12px;height:12px;box-sizing:content-box" aria-hidden="true"></i></span><span class="sans-serif gray f7" aria-hidden="true" data-testid="product-reviews" data-value="16">16</span><span class="w_iUH7">4.6 out of 5 Stars. 16 reviews</span></div><div></div><div class="mb2 mt2"><span class="w_iUH7">Available for Pickup or Delivery</span><span class="w_VbBP w_mFV6 w_I_19 w_3oNC w_AAn7 mr1 mt1 ph1" aria-hidden="true">Pickup</span><span class="w_VbBP w_mFV6 w_I_19 w_3oNC w_AAn7 mr1 mt1 ph1" aria-hidden="true">Delivery</span></div></div></li><li class="flex flex-column items-center pa1 pr2 pb2" data-slide="3"><div role="group" data-item-id="23554930" class="sans-serif mid-gray relative flex flex-column w-100 h-100 hide-child-opacity" data-testid="product-tile-3" aria-label="Product"><a link-identifier="23554930" class="absolute w-100 h-100 z-1 hide-sibling-opacity" target="" href="/ip/Kim-Crawford-Marlborough-Sauvignon-Blanc-White-Wine-750-ml-Bottle-13-ABV/23554930"><span class="w_iUH7"><h3>Kim Crawford Marlborough Sauvignon Blanc White Wine, 750 ml Bottle, 13% ABV</h3></span></a><div class="h2 relative mv2"><span class="w_VbBP w_mFV6 w_awtt w_3oNC w_3H8O tag-leading-badge absolute">Best seller</span></div><div class="relative"><div class="relative overflow-hidden" style="max-width:226px;height:0;padding-bottom:min(226px, 100%);align-self:center;width:min(226px, 100%)"><img loading="lazy" srcset="https://i5.walmartimages.com/seo/Kim-Crawford-Marlborough-Sauvignon-Blanc-White-Wine-750-ml-Bottle-13-ABV_01371c6d-c104-4eb4-a19e-da7bfea5ae50.4e26aa80b2ddde58dfda020b530101e6.jpeg?odnHeight=226&amp;odnWidth=226&amp;odnBg=FFFFFF 1x, https://i5.walmartimages.com/seo/Kim-Crawford-Marlborough-Sauvignon-Blanc-White-Wine-750-ml-Bottle-13-ABV_01371c6d-c104-4eb4-a19e-da7bfea5ae50.4e26aa80b2ddde58dfda020b530101e6.jpeg?odnHeight=576&amp;odnWidth=576&amp;odnBg=FFFFFF 2x" src="https://i5.walmartimages.com/seo/Kim-Crawford-Marlborough-Sauvignon-Blanc-White-Wine-750-ml-Bottle-13-ABV_01371c6d-c104-4eb4-a19e-da7bfea5ae50.4e26aa80b2ddde58dfda020b530101e6.jpeg?odnHeight=576&amp;odnWidth=576&amp;odnBg=FFFFFF" width="" height="" class="absolute top-0 left-0" data-testid="productTileImage" alt="Kim Crawford Marlborough Sauvignon Blanc White Wine, 750 ml Bottle, 13% ABV"/></div><div class="z-2 absolute bottom--1"><div class="relative dib" data-id="23554930"><button class="w_hhLG w_8nsR w_jDfj pointer bn sans-serif b ph2 flex items-center justify-center w-auto shadow-1" type="button" data-pcss-hide="true" data-automation-id="add-to-cart" aria-label="Add to cart - Kim Crawford Marlborough Sauvignon Blanc White Wine, 750 ml Bottle, 13% ABV"><i class="ld ld-Plus" style="font-size:1.5rem;vertical-align:-0.25em;width:1.5rem;height:1.5rem;box-sizing:content-box" title="add to cart"></i><span class="mr2">Add</span></button></div></div></div><div class="mt5 mb0" style="height:24px" data-testid="variant-23554930"></div><div data-automation-id="product-price" class="flex flex-wrap justify-start items-center lh-title mb1-m"><div class="mr1 mr2-xl b black lh-copy f5 f4-l" aria-hidden="true">$14.98</div><span class="w_iUH7">current price $14.98</span><div class="gray mr1 f7 f6-l">59.1 ¢/fl oz</div></div><span class=""><span class="w_V_DM" style="-webkit-line-clamp:3;padding-bottom:0em;margin-bottom:-0em"><span data-automation-id="product-title" class="normal dark-gray mb0 mt1 lh-title f6 f5-l">Kim Crawford Marlborough Sauvignon Blanc White Wine, 750 ml Bottle, 13% ABV</span></span></span><div class="flex items-center mt2"><span class="black inline-flex mr1" data-testid="product-ratings" data-value="4.7"><i class="ld ld-StarFill" style="font-size:12px;vertical-align:-0.175em;width:12px;height:12px;box-sizing:content-box" aria-hidden="true"></i><i class="ld ld-StarFill" style="font-size:12px;vertical-align:-0.175em;width:12px;height:12px;box-sizing:content-box" aria-hidden="true"></i><i class="ld ld-StarFill" style="font-size:12px;vertical-align:-0.175em;width:12px;height:12px;box-sizing:content-box" aria-hidden="true"></i><i class="ld ld-StarFill" style="font-size:12px;vertical-align:-0.175em;width:12px;height:12px;box-sizing:content-box" aria-hidden="true"></i><i class="ld ld-StarHalf" style="font-size:12px;vertical-align:-0.175em;width:12px;height:12px;box-sizing:content-box" aria-hidden="true"></i></span><span class="sans-serif gray f7" aria-hidden="true" data-testid="product-reviews" data-value="869">869</span><span class="w_iUH7">4.7 out of 5 Stars. 869 reviews</span></div><div></div><div class="mb2 mt2"><span class="w_iUH7">Available for Pickup or Delivery</span><span class="w_VbBP w_mFV6 w_I_19 w_3oNC w_AAn7 mr1 mt1 ph1" aria-hidden="true">Pickup</span><span class="w_VbBP w_mFV6 w_I_19 w_3oNC w_AAn7 mr1 mt1 ph1" aria-hidden="true">Delivery</span></div></div></li><li class="flex flex-column items-center pa1 pr2 pb2" data-slide="4"><div role="group" data-item-id="188873570" class="sans-serif mid-gray relative flex flex-column w-100 h-100 hide-child-opacity" data-testid="product-tile-4" aria-label="Product"><a link-identifier="188873570" class="absolute w-100 h-100 z-1 hide-sibling-opacity" target="" href="/ip/Oyster-Bay-Sauvignon-Blanc-White-Wine-750ml/188873570"><span class="w_iUH7"><h3>Oyster Bay Sauvignon Blanc White Wine, 750ml</h3></span></a><div class="h2 relative mv2"><span class="w_VbBP w_mFV6 w_awtt w_3oNC w_3H8O tag-leading-badge absolute">Best seller</span></div><div class="relative"><div class="relative overflow-hidden" style="max-width:226px;height:0;padding-bottom:min(226px, 100%);align-self:center;width:min(226px, 100%)"><img loading="lazy" srcset="https://i5.walmartimages.com/seo/Oyster-Bay-Sauvignon-Blanc-White-Wine-750ml_307f7c03-9995-47e4-923e-377252326e65.1afe151b9b1a7fe2d08050ecb7e36587.jpeg?odnHeight=226&amp;odnWidth=226&amp;odnBg=FFFFFF 1x, https://i5.walmartimages.com/seo/Oyster-Bay-Sauvignon-Blanc-White-Wine-750ml_307f7c03-9995-47e4-923e-377252326e65.1afe151b9b1a7fe2d08050ecb7e36587.jpeg?odnHeight=576&amp;odnWidth=576&amp;odnBg=FFFFFF 2x" src="https://i5.walmartimages.com/seo/Oyster-Bay-Sauvignon-Blanc-White-Wine-750ml_307f7c03-9995-47e4-923e-377252326e65.1afe151b9b1a7fe2d08050ecb7e36587.jpeg?odnHeight=576&amp;odnWidth=576&amp;odnBg=FFFFFF" width="" height="" class="absolute top-0 left-0" data-testid="productTileImage" alt="Oyster Bay Sauvignon Blanc White Wine, 750ml"/></div><div class="z-2 absolute bottom--1"><div class="relative dib" data-id="188873570"><button class="w_hhLG w_8nsR w_jDfj pointer bn sans-serif b ph2 flex items-center justify-center w-auto shadow-1" type="button" data-pcss-hide="true" data-automation-id="add-to-cart" aria-label="Add to cart - Oyster Bay Sauvignon Blanc White Wine, 750ml"><i class="ld ld-Plus" style="font-size:1.5rem;vertical-align:-0.25em;width:1.5rem;height:1.5rem;box-sizing:content-box" title="add to cart"></i><span class="mr2">Add</span></button></div></div></div><div class="mt5 mb0" style="height:24px" data-testid="variant-188873570"></div><div data-automation-id="product-price" class="flex flex-wrap justify-start items-center lh-title mb1-m"><div class="mr1 mr2-xl b black lh-copy f5 f4-l" aria-hidden="true">$11.98</div><span class="w_iUH7">current price $11.98</span><div class="gray mr1 f7 f6-l">47.2 ¢/fl oz</div></div><span class=""><span class="w_V_DM" style="-webkit-line-clamp:3;padding-bottom:0em;margin-bottom:-0em"><span data-automation-id="product-title" class="normal dark-gray mb0 mt1 lh-title f6 f5-l">Oyster Bay Sauvignon Blanc White Wine, 750ml</span></span></span><div class="flex items-center mt2"><span class="black inline-flex mr1" data-testid="product-ratings" data-value="4.6"><i class="ld ld-StarFill" style="font-size:12px;vertical-align:-0.175em;width:12px;height:12px;box-sizing:content-box" aria-hidden="true"></i><i class="ld ld-StarFill" style="font-size:12px;vertical-align:-0.175em;width:12px;height:12px;box-sizing:content-box" aria-hidden="true"></i><i class="ld ld-StarFill" style="font-size:12px;vertical-align:-0.175em;width:12px;height:12px;box-sizing:content-box" aria-hidden="true"></i><i class="ld ld-StarFill" style="font-size:12px;vertical-align:-0.175em;width:12px;height:12px;box-sizing:content-box" aria-hidden="true"></i><i class="ld ld-StarHalf" style="font-size:12px;vertical-align:-0.175em;width:12px;height:12px;box-sizing:content-box" aria-hidden="true"></i></span><span class="sans-serif gray f7" aria-hidden="true" data-testid="product-reviews" data-value="96">96</span><span class="w_iUH7">4.6 out of 5 Stars. 96 reviews</span></div><div></div><div class="mb2 mt2"><span class="w_iUH7">Available for Pickup or Delivery</span><span class="w_VbBP w_mFV6 w_I_19 w_3oNC w_AAn7 mr1 mt1 ph1" aria-hidden="true">Pickup</span><span class="w_VbBP w_mFV6 w_I_19 w_3oNC w_AAn7 mr1 mt1 ph1" aria-hidden="true">Delivery</span></div></div></li><li class="flex flex-column items-center pa1 pr2 pb2" data-slide="5"><div role="group" data-item-id="151830889" class="sans-serif mid-gray relative flex flex-column w-100 h-100 hide-child-opacity" data-testid="product-tile-5" aria-label="Product"><a link-identifier="151830889" class="absolute w-100 h-100 z-1 hide-sibling-opacity" target="" href="/ip/Santa-Margherita-Pinot-Grigio-White-Wine-Italy-12-5-ABV-750-ml-Glass-Bottle-5-150ml-Servings/151830889"><span class="w_iUH7"><h3>Santa Margherita Pinot Grigio White Wine, Italy, 12.5% ABV, 750 ml Glass Bottle, 5-150ml Servings.</h3></span></a><div class="h2 relative mv2"></div><div class="relative"><div class="relative overflow-hidden" style="max-width:226px;height:0;padding-bottom:min(226px, 100%);align-self:center;width:min(226px, 100%)"><img loading="lazy" srcset="https://i5.walmartimages.com/seo/Santa-Margherita-Pinot-Grigio-White-Wine-Italy-12-5-ABV-750-ml-Glass-Bottle-5-150ml-Servings_34013edf-cc91-4567-b2ce-1a46a85240d5.f03155a1dec35834c0cbf9b370ad7178.jpeg?odnHeight=226&amp;odnWidth=226&amp;odnBg=FFFFFF 1x, https://i5.walmartimages.com/seo/Santa-Margherita-Pinot-Grigio-White-Wine-Italy-12-5-ABV-750-ml-Glass-Bottle-5-150ml-Servings_34013edf-cc91-4567-b2ce-1a46a85240d5.f03155a1dec35834c0cbf9b370ad7178.jpeg?odnHeight=576&amp;odnWidth=576&amp;odnBg=FFFFFF 2x" src="https://i5.walmartimages.com/seo/Santa-Margherita-Pinot-Grigio-White-Wine-Italy-12-5-ABV-750-ml-Glass-Bottle-5-150ml-Servings_34013edf-cc91-4567-b2ce-1a46a85240d5.f03155a1dec35834c0cbf9b370ad7178.jpeg?odnHeight=576&amp;odnWidth=576&amp;odnBg=FFFFFF" width="" height="" class="absolute top-0 left-0" data-testid="productTileImage" alt="Santa Margherita Pinot Grigio White Wine, Italy, 12.5% ABV, 750 ml Glass Bottle, 5-150ml Servings."/></div><div class="z-2 absolute bottom--1"><div class="relative dib" data-id="151830889"><button class="w_hhLG w_8nsR w_jDfj pointer bn sans-serif b ph2 flex items-center justify-center w-auto shadow-1" type="button" data-pcss-hide="true" data-automation-id="add-to-cart" aria-label="Add to cart - Santa Margherita Pinot Grigio White Wine, Italy, 12.5% ABV, 750 ml Glass Bottle, 5-150ml Servings."><i class="ld ld-Plus" style="font-size:1.5rem;vertical-align:-0.25em;width:1.5rem;height:1.5rem;box-sizing:content-box" title="add to cart"></i><span class="mr2">Add</span></button></div></div></div><div class="mt5 mb0" style="height:24px" data-testid="variant-151830889"></div><div data-automation-id="product-price" class="flex flex-wrap justify-start items-center lh-title mb1-m"><div class="mr1 mr2-xl b black lh-copy f5 f4-l" aria-hidden="true">$20.98</div><span class="w_iUH7">current price $20.98</span><div class="gray mr1 f7 f6-l">82.7 ¢/fl oz</div></div><span class=""><span class="w_V_DM" style="-webkit-line-clamp:3;padding-bottom:0em;margin-bottom:-0em"><span data-automation-id="product-title" class="normal dark-gray mb0 mt1 lh-title f6 f5-l">Santa Margherita Pinot Grigio White Wine, Italy, 12.5% ABV, 750 ml Glass Bottle, 5-150ml Servings.</span></span></span><div class="flex items-center mt2"><span class="black inline-flex mr1" data-testid="product-ratings" data-value="4.9"><i class="ld ld-StarFill" style="font-size:12px;vertical-align:-0.175em;width:12px;height:12px;box-sizing:content-box" aria-hidden="true"></i><i class="ld ld-StarFill" style="font-size:12px;vertical-align:-0.175em;width:12px;height:12px;box-sizing:content-box" aria-hidden="true"></i><i class="ld ld-StarFill" style="font-size:12px;vertical-align:-0.175em;width:12px;height:12px;box-sizing:content-box" aria-hidden="true"></i><i class="ld ld-StarFill" style="font-size:12px;vertical-align:-0.175em;width:12px;height:12px;box-sizing:content-box" aria-hidden="true"></i><i class="ld ld-StarFill" style="font-size:12px;vertical-align:-0.175em;width:12px;height:12px;box-sizing:content-box" aria-hidden="true"></i></span><span class="sans-serif gray f7" aria-hidden="true" data-testid="product-reviews" data-value="34">34</span><span class="w_iUH7">4.9 out of 5 Stars. 34 reviews</span></div><div></div></div></li></ul><a link-identifier="horizontalScrollerNext" class="absolute dn z-5 bg-white br-100 pa0 pointer db-l br-100 nav-control right-1" aria-label="Next slide for Product Carousel list" data-testid="horizontal-scroller-next" role="button"><i class="ld ld-ChevronRight" style="font-size:1.5rem;vertical-align:-0.25em;padding:12px;width:1.5rem;height:1.5rem;box-sizing:content-box"></i></a></div></section></section></div> <div class="mv3 mv4-xl ml3 ml0-l bb b--near-white"><section><section><header class="flex justify-between mb3 mb2-m pr3 pr4-m pr0-xl items-baseline"><section style="flex:1"><div><div><div class="inline-flex "><h2 class="f4 f3-m lh-title ma0 ">Rich white wines</h2></div></div></div></section><a link-identifier="View all" class="black f6" href="https://www.walmart.com/browse/food/all-white-wine/976759_2975985_8604954_8749992_2962771?povid=976759_itemcarousel_8604954_Richwhitewines_Viewall_Rweb_Dec_21">View all</a></header><div class="flex flex-column justify-center relative" data-testid="horizontal-scroller-Product Carousel"><a link-identifier="horizontalScrollerPrevious" class="absolute dn z-5 bg-white br-100 pa0 pointer hidden-child br-100 nav-control left-1" aria-label="Previous slide for Product Carousel list" data-testid="horizontal-scroller-previous" role="button"><i class="ld ld-ChevronLeft" style="font-size:1.5rem;vertical-align:-0.25em;padding:12px;width:1.5rem;height:1.5rem;box-sizing:content-box"></i></a><ul style="display:grid;grid-auto-flow:column;scroll-snap-type:x mandatory;max-height:fit-content" class="list ma0 pl0 overflow-x-scroll hidesb hidesb-wk relative overflow-y-hidden carousel-peek-2 carousel-6-l carousel-3-m pr3-m" data-testid="carousel-container"><li class="flex flex-column items-center pa1 pr2 pb2" data-slide="0"><div role="group" data-item-id="132508723" class="sans-serif mid-gray relative flex flex-column w-100 h-100 hide-child-opacity" data-testid="product-tile-0" aria-label="Product"><a link-identifier="132508723" class="absolute w-100 h-100 z-1 hide-sibling-opacity" target="" href="/ip/Meiomi-California-Chardonnay-White-Wine-750-ml-Bottle-13-5-ABV/132508723?athcpid=132508723&amp;athpgid=AthenaContentPage_8604954&amp;athcgid=null&amp;athznid=ItemCarousel_eeb5578a-f8b9-4e77-af60-40e79651e811_items&amp;athieid=v0&amp;athstid=CS020&amp;athguid=fZ0TNvxS86RnhOIMqZXwWGGGu40sBHjwnBkn&amp;athancid=null&amp;athena=true"><span class="w_iUH7"><h3>Meiomi California Chardonnay White Wine, 750 ml Bottle, 13.5% ABV</h3></span></a><div class="h2 relative mv2"></div><div class="relative"><div class="relative overflow-hidden" style="max-width:226px;height:0;padding-bottom:min(226px, 100%);align-self:center;width:min(226px, 100%)"><img loading="lazy" srcset="https://i5.walmartimages.com/asr/29ee27fc-a719-4619-a446-e620f1ab9271.99a9bb8828ee64e9e756b17f9b45530d.jpeg?odnHeight=226&amp;odnWidth=226&amp;odnBg=FFFFFF 1x, https://i5.walmartimages.com/asr/29ee27fc-a719-4619-a446-e620f1ab9271.99a9bb8828ee64e9e756b17f9b45530d.jpeg?odnHeight=576&amp;odnWidth=576&amp;odnBg=FFFFFF 2x" src="https://i5.walmartimages.com/asr/29ee27fc-a719-4619-a446-e620f1ab9271.99a9bb8828ee64e9e756b17f9b45530d.jpeg?odnHeight=576&amp;odnWidth=576&amp;odnBg=FFFFFF" width="" height="" class="absolute top-0 left-0" data-testid="productTileImage" alt="Meiomi California Chardonnay White Wine, 750 ml Bottle, 13.5% ABV"/></div><div class="z-2 absolute bottom--1"><div class="relative dib" data-id="132508723"><button class="w_hhLG w_8nsR w_jDfj pointer bn sans-serif b ph2 flex items-center justify-center w-auto shadow-1" type="button" data-pcss-hide="true" data-automation-id="add-to-cart" aria-label="Add to cart - Meiomi California Chardonnay White Wine, 750 ml Bottle, 13.5% ABV"><i class="ld ld-Plus" style="font-size:1.5rem;vertical-align:-0.25em;width:1.5rem;height:1.5rem;box-sizing:content-box" title="add to cart"></i><span class="mr2">Add</span></button></div></div></div><div class="mt5 mb0" style="height:24px" data-testid="variant-132508723"></div><div data-automation-id="product-price" class="flex flex-wrap justify-start items-center lh-title mb1-m"><div class="mr1 mr2-xl b black lh-copy f5 f4-l" aria-hidden="true">$14.98</div><span class="w_iUH7">current price $14.98</span><div class="gray mr1 f7 f6-l">59.1 ¢/fl oz</div></div><span class=""><span class="w_V_DM" style="-webkit-line-clamp:3;padding-bottom:0em;margin-bottom:-0em"><span data-automation-id="product-title" class="normal dark-gray mb0 mt1 lh-title f6 f5-l">Meiomi California Chardonnay White Wine, 750 ml Bottle, 13.5% ABV</span></span></span><div class="flex items-center mt2"><span class="black inline-flex mr1" data-testid="product-ratings" data-value="4.7"><i class="ld ld-StarFill" style="font-size:12px;vertical-align:-0.175em;width:12px;height:12px;box-sizing:content-box" aria-hidden="true"></i><i class="ld ld-StarFill" style="font-size:12px;vertical-align:-0.175em;width:12px;height:12px;box-sizing:content-box" aria-hidden="true"></i><i class="ld ld-StarFill" style="font-size:12px;vertical-align:-0.175em;width:12px;height:12px;box-sizing:content-box" aria-hidden="true"></i><i class="ld ld-StarFill" style="font-size:12px;vertical-align:-0.175em;width:12px;height:12px;box-sizing:content-box" aria-hidden="true"></i><i class="ld ld-StarHalf" style="font-size:12px;vertical-align:-0.175em;width:12px;height:12px;box-sizing:content-box" aria-hidden="true"></i></span><span class="sans-serif gray f7" aria-hidden="true" data-testid="product-reviews" data-value="43">43</span><span class="w_iUH7">4.7 out of 5 Stars. 43 reviews</span></div><div></div><div class="mb2 mt2"><span class="w_iUH7">Available for Pickup or Delivery</span><span class="w_VbBP w_mFV6 w_I_19 w_3oNC w_AAn7 mr1 mt1 ph1" aria-hidden="true">Pickup</span><span class="w_VbBP w_mFV6 w_I_19 w_3oNC w_AAn7 mr1 mt1 ph1" aria-hidden="true">Delivery</span></div></div></li><li class="flex flex-column items-center pa1 pr2 pb2" data-slide="1"><div role="group" data-item-id="165235653" class="sans-serif mid-gray relative flex flex-column w-100 h-100 hide-child-opacity" data-testid="product-tile-1" aria-label="Product"><a link-identifier="165235653" class="absolute w-100 h-100 z-1 hide-sibling-opacity" target="" href="/ip/Mer-Soleil-Reserve-Chardonnay-White-Wine-750ml-Bottle/165235653?athcpid=165235653&amp;athpgid=AthenaContentPage_8604954&amp;athcgid=null&amp;athznid=ItemCarousel_eeb5578a-f8b9-4e77-af60-40e79651e811_items&amp;athieid=v0&amp;athstid=CS020&amp;athguid=fZ0TNvxS86RnhOIMqZXwWGGGu40sBHjwnBkn&amp;athancid=null&amp;athena=true"><span class="w_iUH7"><h3>Mer Soleil Reserve Chardonnay White Wine, 750ml Bottle</h3></span></a><div class="h2 relative mv2"></div><div class="relative"><div class="relative overflow-hidden" style="max-width:226px;height:0;padding-bottom:min(226px, 100%);align-self:center;width:min(226px, 100%)"><img loading="lazy" srcset="https://i5.walmartimages.com/asr/f87503c9-6674-4305-bcc7-b2c179b73e58_1.0983036ea19001b0598b88aefbcc9364.jpeg?odnHeight=226&amp;odnWidth=226&amp;odnBg=FFFFFF 1x, https://i5.walmartimages.com/asr/f87503c9-6674-4305-bcc7-b2c179b73e58_1.0983036ea19001b0598b88aefbcc9364.jpeg?odnHeight=576&amp;odnWidth=576&amp;odnBg=FFFFFF 2x" src="https://i5.walmartimages.com/asr/f87503c9-6674-4305-bcc7-b2c179b73e58_1.0983036ea19001b0598b88aefbcc9364.jpeg?odnHeight=576&amp;odnWidth=576&amp;odnBg=FFFFFF" width="" height="" class="absolute top-0 left-0" data-testid="productTileImage" alt="Mer Soleil Reserve Chardonnay White Wine, 750ml Bottle"/></div><div class="z-2 absolute bottom--1"><div class="relative dib" data-id="165235653"><button class="w_hhLG w_8nsR w_jDfj pointer bn sans-serif b ph2 flex items-center justify-center w-auto shadow-1" type="button" data-pcss-hide="true" data-automation-id="add-to-cart" aria-label="Add to cart - Mer Soleil Reserve Chardonnay White Wine, 750ml Bottle"><i class="ld ld-Plus" style="font-size:1.5rem;vertical-align:-0.25em;width:1.5rem;height:1.5rem;box-sizing:content-box" title="add to cart"></i><span class="mr2">Add</span></button></div></div></div><div class="mt5 mb0" style="height:24px" data-testid="variant-165235653"></div><div data-automation-id="product-price" class="flex flex-wrap justify-start items-center lh-title mb1-m"><div class="mr1 mr2-xl b black lh-copy f5 f4-l" aria-hidden="true">$19.98</div><span class="w_iUH7">current price $19.98</span><div class="gray mr1 f7 f6-l">78.7 ¢/fl oz</div></div><span class=""><span class="w_V_DM" style="-webkit-line-clamp:3;padding-bottom:0em;margin-bottom:-0em"><span data-automation-id="product-title" class="normal dark-gray mb0 mt1 lh-title f6 f5-l">Mer Soleil Reserve Chardonnay White Wine, 750ml Bottle</span></span></span><div class="flex items-center mt2"><span class="black inline-flex mr1" data-testid="product-ratings" data-value="4.5"><i class="ld ld-StarFill" style="font-size:12px;vertical-align:-0.175em;width:12px;height:12px;box-sizing:content-box" aria-hidden="true"></i><i class="ld ld-StarFill" style="font-size:12px;vertical-align:-0.175em;width:12px;height:12px;box-sizing:content-box" aria-hidden="true"></i><i class="ld ld-StarFill" style="font-size:12px;vertical-align:-0.175em;width:12px;height:12px;box-sizing:content-box" aria-hidden="true"></i><i class="ld ld-StarFill" style="font-size:12px;vertical-align:-0.175em;width:12px;height:12px;box-sizing:content-box" aria-hidden="true"></i><i class="ld ld-StarHalf" style="font-size:12px;vertical-align:-0.175em;width:12px;height:12px;box-sizing:content-box" aria-hidden="true"></i></span><span class="sans-serif gray f7" aria-hidden="true" data-testid="product-reviews" data-value="4">4</span><span class="w_iUH7">4.5 out of 5 Stars. 4 reviews</span></div><div></div><div class="mb2 mt2"><span class="w_iUH7">Available for Pickup or Delivery</span><span class="w_VbBP w_mFV6 w_I_19 w_3oNC w_AAn7 mr1 mt1 ph1" aria-hidden="true">Pickup</span><span class="w_VbBP w_mFV6 w_I_19 w_3oNC w_AAn7 mr1 mt1 ph1" aria-hidden="true">Delivery</span></div></div></li><li class="flex flex-column items-center pa1 pr2 pb2" data-slide="2"><div role="group" data-item-id="101820867" class="sans-serif mid-gray relative flex flex-column w-100 h-100 hide-child-opacity" data-testid="product-tile-2" aria-label="Product"><a link-identifier="101820867" class="absolute w-100 h-100 z-1 hide-sibling-opacity" target="" href="/ip/La-Crema-Sonoma-Coast-Chardonnay-White-Wine-750ml/101820867?athcpid=101820867&amp;athpgid=AthenaContentPage_8604954&amp;athcgid=null&amp;athznid=ItemCarousel_eeb5578a-f8b9-4e77-af60-40e79651e811_items&amp;athieid=v0&amp;athstid=CS020&amp;athguid=fZ0TNvxS86RnhOIMqZXwWGGGu40sBHjwnBkn&amp;athancid=null&amp;athena=true"><span class="w_iUH7"><h3>La Crema Sonoma Coast Chardonnay White Wine, 750ml</h3></span></a><div class="h2 relative mv2"></div><div class="relative"><div class="relative overflow-hidden" style="max-width:226px;height:0;padding-bottom:min(226px, 100%);align-self:center;width:min(226px, 100%)"><img loading="lazy" srcset="https://i5.walmartimages.com/asr/cb8109a1-dda8-40b9-b263-e1be80883928.4b3e74bcb4646c02e6dc31f2818d367f.jpeg?odnHeight=226&amp;odnWidth=226&amp;odnBg=FFFFFF 1x, https://i5.walmartimages.com/asr/cb8109a1-dda8-40b9-b263-e1be80883928.4b3e74bcb4646c02e6dc31f2818d367f.jpeg?odnHeight=576&amp;odnWidth=576&amp;odnBg=FFFFFF 2x" src="https://i5.walmartimages.com/asr/cb8109a1-dda8-40b9-b263-e1be80883928.4b3e74bcb4646c02e6dc31f2818d367f.jpeg?odnHeight=576&amp;odnWidth=576&amp;odnBg=FFFFFF" width="" height="" class="absolute top-0 left-0" data-testid="productTileImage" alt="La Crema Sonoma Coast Chardonnay White Wine, 750ml"/></div><div class="z-2 absolute bottom--1"><div class="relative dib" data-id="101820867"><button class="w_hhLG w_8nsR w_jDfj pointer bn sans-serif b ph2 flex items-center justify-center w-auto shadow-1" type="button" data-pcss-hide="true" data-automation-id="add-to-cart" aria-label="Add to cart - La Crema Sonoma Coast Chardonnay White Wine, 750ml"><i class="ld ld-Plus" style="font-size:1.5rem;vertical-align:-0.25em;width:1.5rem;height:1.5rem;box-sizing:content-box" title="add to cart"></i><span class="mr2">Add</span></button></div></div></div><div class="mt5 mb0" style="height:24px" data-testid="variant-101820867"></div><div data-automation-id="product-price" class="flex flex-wrap justify-start items-center lh-title mb1-m"><div class="mr1 mr2-xl b black lh-copy f5 f4-l" aria-hidden="true">$17.98</div><span class="w_iUH7">current price $17.98</span><div class="gray mr1 f7 f6-l">70.9 ¢/fl oz</div></div><span class=""><span class="w_V_DM" style="-webkit-line-clamp:3;padding-bottom:0em;margin-bottom:-0em"><span data-automation-id="product-title" class="normal dark-gray mb0 mt1 lh-title f6 f5-l">La Crema Sonoma Coast Chardonnay White Wine, 750ml</span></span></span><div class="flex items-center mt2"><span class="black inline-flex mr1" data-testid="product-ratings" data-value="4.9"><i class="ld ld-StarFill" style="font-size:12px;vertical-align:-0.175em;width:12px;height:12px;box-sizing:content-box" aria-hidden="true"></i><i class="ld ld-StarFill" style="font-size:12px;vertical-align:-0.175em;width:12px;height:12px;box-sizing:content-box" aria-hidden="true"></i><i class="ld ld-StarFill" style="font-size:12px;vertical-align:-0.175em;width:12px;height:12px;box-sizing:content-box" aria-hidden="true"></i><i class="ld ld-StarFill" style="font-size:12px;vertical-align:-0.175em;width:12px;height:12px;box-sizing:content-box" aria-hidden="true"></i><i class="ld ld-StarFill" style="font-size:12px;vertical-align:-0.175em;width:12px;height:12px;box-sizing:content-box" aria-hidden="true"></i></span><span class="sans-serif gray f7" aria-hidden="true" data-testid="product-reviews" data-value="55">55</span><span class="w_iUH7">4.9 out of 5 Stars. 55 reviews</span></div><div></div><div class="mb2 mt2"><span class="w_iUH7">Available for Pickup or Delivery</span><span class="w_VbBP w_mFV6 w_I_19 w_3oNC w_AAn7 mr1 mt1 ph1" aria-hidden="true">Pickup</span><span class="w_VbBP w_mFV6 w_I_19 w_3oNC w_AAn7 mr1 mt1 ph1" aria-hidden="true">Delivery</span></div></div></li><li class="flex flex-column items-center pa1 pr2 pb2" data-slide="3"><div role="group" data-item-id="10984604" class="sans-serif mid-gray relative flex flex-column w-100 h-100 hide-child-opacity" data-testid="product-tile-3" aria-label="Product"><a link-identifier="10984604" class="absolute w-100 h-100 z-1 hide-sibling-opacity" target="" href="/ip/Clos-Du-Bois-Chardonnay-White-Wine-750ml-Glass-Bottle/10984604?athcpid=10984604&amp;athpgid=AthenaContentPage_8604954&amp;athcgid=null&amp;athznid=ItemCarousel_eeb5578a-f8b9-4e77-af60-40e79651e811_items&amp;athieid=v0&amp;athstid=CS020&amp;athguid=fZ0TNvxS86RnhOIMqZXwWGGGu40sBHjwnBkn&amp;athancid=null&amp;athena=true"><span class="w_iUH7"><h3>Clos Du Bois Chardonnay, White Wine, 750ml Glass Bottle</h3></span></a><div class="h2 relative mv2"></div><div class="relative"><div class="relative overflow-hidden" style="max-width:226px;height:0;padding-bottom:min(226px, 100%);align-self:center;width:min(226px, 100%)"><img loading="lazy" srcset="https://i5.walmartimages.com/asr/7b187fa2-e996-401d-b7d1-977b969b9a28.ea85760eed2ca1bcb2d872fe631f579c.jpeg?odnHeight=226&amp;odnWidth=226&amp;odnBg=FFFFFF 1x, https://i5.walmartimages.com/asr/7b187fa2-e996-401d-b7d1-977b969b9a28.ea85760eed2ca1bcb2d872fe631f579c.jpeg?odnHeight=576&amp;odnWidth=576&amp;odnBg=FFFFFF 2x" src="https://i5.walmartimages.com/asr/7b187fa2-e996-401d-b7d1-977b969b9a28.ea85760eed2ca1bcb2d872fe631f579c.jpeg?odnHeight=576&amp;odnWidth=576&amp;odnBg=FFFFFF" width="" height="" class="absolute top-0 left-0" data-testid="productTileImage" alt="Clos Du Bois Chardonnay, White Wine, 750ml Glass Bottle"/></div><div class="z-2 absolute bottom--1"><div class="relative dib" data-id="10984604"><button class="w_hhLG w_8nsR w_jDfj pointer bn sans-serif b ph2 flex items-center justify-center w-auto shadow-1" type="button" data-pcss-hide="true" data-automation-id="add-to-cart" aria-label="Add to cart - Clos Du Bois Chardonnay, White Wine, 750ml Glass Bottle"><i class="ld ld-Plus" style="font-size:1.5rem;vertical-align:-0.25em;width:1.5rem;height:1.5rem;box-sizing:content-box" title="add to cart"></i><span class="mr2">Add</span></button></div></div></div><div class="mt5 mb0" style="height:24px" data-testid="variant-10984604"></div><div data-automation-id="product-price" class="flex flex-wrap justify-start items-center lh-title mb1-m"><div class="mr1 mr2-xl b black lh-copy f5 f4-l" aria-hidden="true">$9.98</div><span class="w_iUH7">current price $9.98</span><div class="gray mr1 f7 f6-l">39.4 ¢/fl oz</div></div><span class=""><span class="w_V_DM" style="-webkit-line-clamp:3;padding-bottom:0em;margin-bottom:-0em"><span data-automation-id="product-title" class="normal dark-gray mb0 mt1 lh-title f6 f5-l">Clos Du Bois Chardonnay, White Wine, 750ml Glass Bottle</span></span></span><div class="flex items-center mt2"><span class="black inline-flex mr1" data-testid="product-ratings" data-value="4.4"><i class="ld ld-StarFill" style="font-size:12px;vertical-align:-0.175em;width:12px;height:12px;box-sizing:content-box" aria-hidden="true"></i><i class="ld ld-StarFill" style="font-size:12px;vertical-align:-0.175em;width:12px;height:12px;box-sizing:content-box" aria-hidden="true"></i><i class="ld ld-StarFill" style="font-size:12px;vertical-align:-0.175em;width:12px;height:12px;box-sizing:content-box" aria-hidden="true"></i><i class="ld ld-StarFill" style="font-size:12px;vertical-align:-0.175em;width:12px;height:12px;box-sizing:content-box" aria-hidden="true"></i><i class="ld ld-StarHalf" style="font-size:12px;vertical-align:-0.175em;width:12px;height:12px;box-sizing:content-box" aria-hidden="true"></i></span><span class="sans-serif gray f7" aria-hidden="true" data-testid="product-reviews" data-value="60">60</span><span class="w_iUH7">4.4 out of 5 Stars. 60 reviews</span></div><div></div><div class="mb2 mt2"><span class="w_iUH7">Available for Pickup or Delivery</span><span class="w_VbBP w_mFV6 w_I_19 w_3oNC w_AAn7 mr1 mt1 ph1" aria-hidden="true">Pickup</span><span class="w_VbBP w_mFV6 w_I_19 w_3oNC w_AAn7 mr1 mt1 ph1" aria-hidden="true">Delivery</span></div></div></li><li class="flex flex-column items-center pa1 pr2 pb2" data-slide="4"><div role="group" data-item-id="152622114" class="sans-serif mid-gray relative flex flex-column w-100 h-100 hide-child-opacity" data-testid="product-tile-4" aria-label="Product"><a link-identifier="152622114" class="absolute w-100 h-100 z-1 hide-sibling-opacity" target="" href="/ip/Black-Box-California-Chardonnay-White-Wine-3-Liter-Box-Four-750mL-Bottles/152622114?athcpid=152622114&amp;athpgid=AthenaContentPage_8604954&amp;athcgid=null&amp;athznid=ItemCarousel_eeb5578a-f8b9-4e77-af60-40e79651e811_items&amp;athieid=v0&amp;athstid=CS020&amp;athguid=fZ0TNvxS86RnhOIMqZXwWGGGu40sBHjwnBkn&amp;athancid=null&amp;athena=true&amp;athbdg=L1600"><span class="w_iUH7"><h3>Black Box California Chardonnay White Wine, 3 Liter Box (Four 750mL Bottles)</h3></span></a><div class="h2 relative mv2"><span class="w_VbBP w_mFV6 w_awtt w_3oNC w_3H8O tag-leading-badge absolute">Best seller</span></div><div class="relative"><div class="relative overflow-hidden" style="max-width:226px;height:0;padding-bottom:min(226px, 100%);align-self:center;width:min(226px, 100%)"><img loading="lazy" srcset="https://i5.walmartimages.com/asr/81d7d61a-baa5-4de7-81f0-6647ae6bd0f5.40b9621f02c199953bf50241656271b2.jpeg?odnHeight=226&amp;odnWidth=226&amp;odnBg=FFFFFF 1x, https://i5.walmartimages.com/asr/81d7d61a-baa5-4de7-81f0-6647ae6bd0f5.40b9621f02c199953bf50241656271b2.jpeg?odnHeight=576&amp;odnWidth=576&amp;odnBg=FFFFFF 2x" src="https://i5.walmartimages.com/asr/81d7d61a-baa5-4de7-81f0-6647ae6bd0f5.40b9621f02c199953bf50241656271b2.jpeg?odnHeight=576&amp;odnWidth=576&amp;odnBg=FFFFFF" width="" height="" class="absolute top-0 left-0" data-testid="productTileImage" alt="Black Box California Chardonnay White Wine, 3 Liter Box (Four 750mL Bottles)"/></div><div class="z-2 absolute bottom--1"><div class="relative dib" data-id="152622114"><button class="w_hhLG w_8nsR w_jDfj pointer bn sans-serif b ph2 flex items-center justify-center w-auto shadow-1" type="button" data-pcss-hide="true" data-automation-id="add-to-cart" aria-label="Add to cart - Black Box California Chardonnay White Wine, 3 Liter Box (Four 750mL Bottles)"><i class="ld ld-Plus" style="font-size:1.5rem;vertical-align:-0.25em;width:1.5rem;height:1.5rem;box-sizing:content-box" title="add to cart"></i><span class="mr2">Add</span></button></div></div></div><div class="mt5 mb0" style="height:24px" data-testid="variant-152622114"></div><div data-automation-id="product-price" class="flex flex-wrap justify-start items-center lh-title mb1-m"><div class="mr1 mr2-xl b black lh-copy f5 f4-l" aria-hidden="true">$18.97</div><span class="w_iUH7">current price $18.97</span><div class="gray mr1 f7 f6-l">18.7 ¢/fl oz</div></div><span class=""><span class="w_V_DM" style="-webkit-line-clamp:3;padding-bottom:0em;margin-bottom:-0em"><span data-automation-id="product-title" class="normal dark-gray mb0 mt1 lh-title f6 f5-l">Black Box California Chardonnay White Wine, 3 Liter Box (Four 750mL Bottles)</span></span></span><div class="flex items-center mt2"><span class="black inline-flex mr1" data-testid="product-ratings" data-value="4.5"><i class="ld ld-StarFill" style="font-size:12px;vertical-align:-0.175em;width:12px;height:12px;box-sizing:content-box" aria-hidden="true"></i><i class="ld ld-StarFill" style="font-size:12px;vertical-align:-0.175em;width:12px;height:12px;box-sizing:content-box" aria-hidden="true"></i><i class="ld ld-StarFill" style="font-size:12px;vertical-align:-0.175em;width:12px;height:12px;box-sizing:content-box" aria-hidden="true"></i><i class="ld ld-StarFill" style="font-size:12px;vertical-align:-0.175em;width:12px;height:12px;box-sizing:content-box" aria-hidden="true"></i><i class="ld ld-StarHalf" style="font-size:12px;vertical-align:-0.175em;width:12px;height:12px;box-sizing:content-box" aria-hidden="true"></i></span><span class="sans-serif gray f7" aria-hidden="true" data-testid="product-reviews" data-value="96">96</span><span class="w_iUH7">4.5 out of 5 Stars. 96 reviews</span></div><div></div><div class="mb2 mt2"><span class="w_iUH7">Available for Pickup or Delivery</span><span class="w_VbBP w_mFV6 w_I_19 w_3oNC w_AAn7 mr1 mt1 ph1" aria-hidden="true">Pickup</span><span class="w_VbBP w_mFV6 w_I_19 w_3oNC w_AAn7 mr1 mt1 ph1" aria-hidden="true">Delivery</span></div></div></li><li class="flex flex-column items-center pa1 pr2 pb2" data-slide="5"><div role="group" data-item-id="101001144" class="sans-serif mid-gray relative flex flex-column w-100 h-100 hide-child-opacity" data-testid="product-tile-5" aria-label="Product"><a link-identifier="101001144" class="absolute w-100 h-100 z-1 hide-sibling-opacity" target="" href="/ip/Bota-Box-Chardonnay-White-Wine-3L-4-x-750ml-bottles-ABV-13/101001144?athcpid=101001144&amp;athpgid=AthenaContentPage_8604954&amp;athcgid=null&amp;athznid=ItemCarousel_eeb5578a-f8b9-4e77-af60-40e79651e811_items&amp;athieid=v0&amp;athstid=CS020&amp;athguid=fZ0TNvxS86RnhOIMqZXwWGGGu40sBHjwnBkn&amp;athancid=null&amp;athena=true"><span class="w_iUH7"><h3>Bota Box Chardonnay White Wine, 3L (4 x 750ml bottles), ABV 13%</h3></span></a><div class="h2 relative mv2"></div><div class="relative"><div class="relative overflow-hidden" style="max-width:226px;height:0;padding-bottom:min(226px, 100%);align-self:center;width:min(226px, 100%)"><img loading="lazy" srcset="https://i5.walmartimages.com/asr/30cb1a10-62ea-45c1-8229-e3c3ffa2f037.8183d93e15c13e9a7c0144dbf1092402.png?odnHeight=226&amp;odnWidth=226&amp;odnBg=FFFFFF 1x, https://i5.walmartimages.com/asr/30cb1a10-62ea-45c1-8229-e3c3ffa2f037.8183d93e15c13e9a7c0144dbf1092402.png?odnHeight=576&amp;odnWidth=576&amp;odnBg=FFFFFF 2x" src="https://i5.walmartimages.com/asr/30cb1a10-62ea-45c1-8229-e3c3ffa2f037.8183d93e15c13e9a7c0144dbf1092402.png?odnHeight=576&amp;odnWidth=576&amp;odnBg=FFFFFF" width="" height="" class="absolute top-0 left-0" data-testid="productTileImage" alt="Bota Box Chardonnay White Wine, 3L (4 x 750ml bottles), ABV 13%"/></div><div class="z-2 absolute bottom--1"><div class="relative dib" data-id="101001144"><button class="w_hhLG w_8nsR w_jDfj pointer bn sans-serif b ph2 flex items-center justify-center w-auto shadow-1" type="button" data-pcss-hide="true" data-automation-id="add-to-cart" aria-label="Add to cart - Bota Box Chardonnay White Wine, 3L (4 x 750ml bottles), ABV 13%"><i class="ld ld-Plus" style="font-size:1.5rem;vertical-align:-0.25em;width:1.5rem;height:1.5rem;box-sizing:content-box" title="add to cart"></i><span class="mr2">Add</span></button></div></div></div><div class="mt5 mb0" style="height:24px" data-testid="variant-101001144"></div><div data-automation-id="product-price" class="flex flex-wrap justify-start items-center lh-title mb1-m"><div class="mr1 mr2-xl b black lh-copy f5 f4-l" aria-hidden="true">$18.47</div><span class="w_iUH7">current price $18.47</span><div class="gray mr1 f7 f6-l">18.2 ¢/fl oz</div></div><span class=""><span class="w_V_DM" style="-webkit-line-clamp:3;padding-bottom:0em;margin-bottom:-0em"><span data-automation-id="product-title" class="normal dark-gray mb0 mt1 lh-title f6 f5-l">Bota Box Chardonnay White Wine, 3L (4 x 750ml bottles), ABV 13%</span></span></span><div class="flex items-center mt2"><span class="black inline-flex mr1" data-testid="product-ratings" data-value="4.6"><i class="ld ld-StarFill" style="font-size:12px;vertical-align:-0.175em;width:12px;height:12px;box-sizing:content-box" aria-hidden="true"></i><i class="ld ld-StarFill" style="font-size:12px;vertical-align:-0.175em;width:12px;height:12px;box-sizing:content-box" aria-hidden="true"></i><i class="ld ld-StarFill" style="font-size:12px;vertical-align:-0.175em;width:12px;height:12px;box-sizing:content-box" aria-hidden="true"></i><i class="ld ld-StarFill" style="font-size:12px;vertical-align:-0.175em;width:12px;height:12px;box-sizing:content-box" aria-hidden="true"></i><i class="ld ld-StarHalf" style="font-size:12px;vertical-align:-0.175em;width:12px;height:12px;box-sizing:content-box" aria-hidden="true"></i></span><span class="sans-serif gray f7" aria-hidden="true" data-testid="product-reviews" data-value="10">10</span><span class="w_iUH7">4.6 out of 5 Stars. 10 reviews</span></div><div></div><div class="mb2 mt2"><span class="w_iUH7">Available for Pickup or Delivery</span><span class="w_VbBP w_mFV6 w_I_19 w_3oNC w_AAn7 mr1 mt1 ph1" aria-hidden="true">Pickup</span><span class="w_VbBP w_mFV6 w_I_19 w_3oNC w_AAn7 mr1 mt1 ph1" aria-hidden="true">Delivery</span></div></div></li></ul><a link-identifier="horizontalScrollerNext" class="absolute dn z-5 bg-white br-100 pa0 pointer db-l br-100 nav-control right-1" aria-label="Next slide for Product Carousel list" data-testid="horizontal-scroller-next" role="button"><i class="ld ld-ChevronRight" style="font-size:1.5rem;vertical-align:-0.25em;padding:12px;width:1.5rem;height:1.5rem;box-sizing:content-box"></i></a></div></section></section></div> <div class="mv3 mv4-xl ml3 ml0-l bb b--near-white"><section><section><header class="flex justify-between mb3 mb2-m pr3 pr4-m pr0-xl items-baseline"><section style="flex:1"><div><div><div class="inline-flex "><h2 class="f4 f3-m lh-title ma0 ">Dry rose wines</h2></div></div></div></section><a link-identifier="View all" class="black f6" href="https://www.walmart.com/browse/food/all-blush-wine/976759_2975985_8604954_4693550_5394010?povid=976759_itemcarousel_8604954_Dryrosewines_Viewall_Rweb_Dec_6">View all</a></header><div class="flex flex-column justify-center relative" data-testid="horizontal-scroller-Product Carousel"><a link-identifier="horizontalScrollerPrevious" class="absolute dn z-5 bg-white br-100 pa0 pointer hidden-child br-100 nav-control left-1" aria-label="Previous slide for Product Carousel list" data-testid="horizontal-scroller-previous" role="button"><i class="ld ld-ChevronLeft" style="font-size:1.5rem;vertical-align:-0.25em;padding:12px;width:1.5rem;height:1.5rem;box-sizing:content-box"></i></a><ul style="display:grid;grid-auto-flow:column;scroll-snap-type:x mandatory;max-height:fit-content" class="list ma0 pl0 overflow-x-scroll hidesb hidesb-wk relative overflow-y-hidden carousel-peek-2 carousel-6-l carousel-3-m pr3-m" data-testid="carousel-container"><li class="flex flex-column items-center pa1 pr2 pb2" data-slide="0"><div role="group" data-item-id="858146462" class="sans-serif mid-gray relative flex flex-column w-100 h-100 hide-child-opacity" data-testid="product-tile-0" aria-label="Product"><a link-identifier="858146462" class="absolute w-100 h-100 z-1 hide-sibling-opacity" target="" href="/ip/Whispering-Angel-Rose/858146462?athcpid=858146462&amp;athpgid=AthenaContentPage_8604954&amp;athcgid=null&amp;athznid=ItemCarousel_1753b8c6-c8c4-49fa-8e18-809399324bb4_items&amp;athieid=v0&amp;athstid=CS020&amp;athguid=fZ0TNvxS86RnhOIMqZXwWGGGu40sBHjwnBkn&amp;athancid=null&amp;athena=true"><span class="w_iUH7"><h3>Whispering Angel Rose</h3></span></a><div class="h2 relative mv2"></div><div class="relative"><div class="relative overflow-hidden" style="max-width:226px;height:0;padding-bottom:min(226px, 100%);align-self:center;width:min(226px, 100%)"><img loading="lazy" srcset="https://i5.walmartimages.com/asr/0806b44d-564c-475d-bc27-edb7e24aaa42.a70aefd4bbd9d7874059dcb01648fe72.png?odnHeight=226&amp;odnWidth=226&amp;odnBg=FFFFFF 1x, https://i5.walmartimages.com/asr/0806b44d-564c-475d-bc27-edb7e24aaa42.a70aefd4bbd9d7874059dcb01648fe72.png?odnHeight=576&amp;odnWidth=576&amp;odnBg=FFFFFF 2x" src="https://i5.walmartimages.com/asr/0806b44d-564c-475d-bc27-edb7e24aaa42.a70aefd4bbd9d7874059dcb01648fe72.png?odnHeight=576&amp;odnWidth=576&amp;odnBg=FFFFFF" width="" height="" class="absolute top-0 left-0" data-testid="productTileImage" alt="Whispering Angel Rose"/></div><div class="z-2 absolute bottom--1"><div class="relative dib" data-id="858146462"><button class="w_hhLG w_8nsR w_jDfj pointer bn sans-serif b ph2 flex items-center justify-center w-auto shadow-1" type="button" data-pcss-hide="true" data-automation-id="add-to-cart" aria-label="Add to cart - Whispering Angel Rose"><i class="ld ld-Plus" style="font-size:1.5rem;vertical-align:-0.25em;width:1.5rem;height:1.5rem;box-sizing:content-box" title="add to cart"></i><span class="mr2">Add</span></button></div></div></div><div class="mt5 mb0" style="height:24px" data-testid="variant-858146462"></div><div data-automation-id="product-price" class="flex flex-wrap justify-start items-center lh-title mb1-m"><div class="mr1 mr2-xl b black lh-copy f5 f4-l" aria-hidden="true">$21.98</div><span class="w_iUH7">current price $21.98</span><div class="gray mr1 f7 f6-l">86.5 ¢/fl oz</div></div><span class=""><span class="w_V_DM" style="-webkit-line-clamp:3;padding-bottom:0em;margin-bottom:-0em"><span data-automation-id="product-title" class="normal dark-gray mb0 mt1 lh-title f6 f5-l">Whispering Angel Rose</span></span></span><div class="flex items-center mt2"><span class="black inline-flex mr1" data-testid="product-ratings" data-value="4"><i class="ld ld-StarFill" style="font-size:12px;vertical-align:-0.175em;width:12px;height:12px;box-sizing:content-box" aria-hidden="true"></i><i class="ld ld-StarFill" style="font-size:12px;vertical-align:-0.175em;width:12px;height:12px;box-sizing:content-box" aria-hidden="true"></i><i class="ld ld-StarFill" style="font-size:12px;vertical-align:-0.175em;width:12px;height:12px;box-sizing:content-box" aria-hidden="true"></i><i class="ld ld-StarFill" style="font-size:12px;vertical-align:-0.175em;width:12px;height:12px;box-sizing:content-box" aria-hidden="true"></i><i class="ld ld-Star" style="font-size:12px;vertical-align:-0.175em;width:12px;height:12px;box-sizing:content-box" aria-hidden="true"></i></span><span class="sans-serif gray f7" aria-hidden="true" data-testid="product-reviews" data-value="1">1</span><span class="w_iUH7">4 out of 5 Stars. 1 reviews</span></div><div></div><div class="mb2 mt2"><span class="w_iUH7">Available for Pickup or Delivery</span><span class="w_VbBP w_mFV6 w_I_19 w_3oNC w_AAn7 mr1 mt1 ph1" aria-hidden="true">Pickup</span><span class="w_VbBP w_mFV6 w_I_19 w_3oNC w_AAn7 mr1 mt1 ph1" aria-hidden="true">Delivery</span></div></div></li><li class="flex flex-column items-center pa1 pr2 pb2" data-slide="1"><div role="group" data-item-id="668975626" class="sans-serif mid-gray relative flex flex-column w-100 h-100 hide-child-opacity" data-testid="product-tile-1" aria-label="Product"><a link-identifier="668975626" class="absolute w-100 h-100 z-1 hide-sibling-opacity" target="" href="/ip/Stella-Rosa-Strawberry-Rose-Semi-Sweet-Rose-Wine-1-5L-Glass-Bottle-Piedmont-Italy-Serving-Size-5oz/668975626?athcpid=668975626&amp;athpgid=AthenaContentPage_8604954&amp;athcgid=null&amp;athznid=ItemCarousel_1753b8c6-c8c4-49fa-8e18-809399324bb4_items&amp;athieid=v0&amp;athstid=CS020&amp;athguid=fZ0TNvxS86RnhOIMqZXwWGGGu40sBHjwnBkn&amp;athancid=null&amp;athena=true"><span class="w_iUH7"><h3>Stella Rosa Strawberry Rose Semi-Sweet Rose Wine, 1.5L Glass Bottle Piedmont Italy, Serving Size 5oz</h3></span></a><div class="h2 relative mv2"></div><div class="relative"><div class="relative overflow-hidden" style="max-width:226px;height:0;padding-bottom:min(226px, 100%);align-self:center;width:min(226px, 100%)"><img loading="lazy" srcset="https://i5.walmartimages.com/asr/fc75e35a-72f7-424d-bc9a-2b4b48d2762e.9196ceae23f1b9d4d2a3ed7b1a1229dd.jpeg?odnHeight=226&amp;odnWidth=226&amp;odnBg=FFFFFF 1x, https://i5.walmartimages.com/asr/fc75e35a-72f7-424d-bc9a-2b4b48d2762e.9196ceae23f1b9d4d2a3ed7b1a1229dd.jpeg?odnHeight=576&amp;odnWidth=576&amp;odnBg=FFFFFF 2x" src="https://i5.walmartimages.com/asr/fc75e35a-72f7-424d-bc9a-2b4b48d2762e.9196ceae23f1b9d4d2a3ed7b1a1229dd.jpeg?odnHeight=576&amp;odnWidth=576&amp;odnBg=FFFFFF" width="" height="" class="absolute top-0 left-0" data-testid="productTileImage" alt="Stella Rosa Strawberry Rose Semi-Sweet Rose Wine, 1.5L Glass Bottle Piedmont Italy, Serving Size 5oz"/></div><div class="z-2 absolute bottom--1"><div class="relative dib" data-id="668975626"><button class="w_hhLG w_8nsR w_jDfj pointer bn sans-serif b ph2 flex items-center justify-center w-auto shadow-1" type="button" data-pcss-hide="true" data-automation-id="add-to-cart" aria-label="Add to cart - Stella Rosa Strawberry Rose Semi-Sweet Rose Wine, 1.5L Glass Bottle Piedmont Italy, Serving Size 5oz"><i class="ld ld-Plus" style="font-size:1.5rem;vertical-align:-0.25em;width:1.5rem;height:1.5rem;box-sizing:content-box" title="add to cart"></i><span class="mr2">Add</span></button></div></div></div><div class="mt5 mb0" style="height:24px" data-testid="variant-668975626"></div><div data-automation-id="product-price" class="flex flex-wrap justify-start items-center lh-title mb1-m"><div class="mr1 mr2-xl b black lh-copy f5 f4-l" aria-hidden="true">$22.98</div><span class="w_iUH7">current price $22.98</span><div class="gray mr1 f7 f6-l">45.3 ¢/fl oz</div></div><span class=""><span class="w_V_DM" style="-webkit-line-clamp:3;padding-bottom:0em;margin-bottom:-0em"><span data-automation-id="product-title" class="normal dark-gray mb0 mt1 lh-title f6 f5-l">Stella Rosa Strawberry Rose Semi-Sweet Rose Wine, 1.5L Glass Bottle Piedmont Italy, Serving Size 5oz</span></span></span><div class="flex items-center mt2"><span class="black inline-flex mr1" data-testid="product-ratings" data-value="5"><i class="ld ld-StarFill" style="font-size:12px;vertical-align:-0.175em;width:12px;height:12px;box-sizing:content-box" aria-hidden="true"></i><i class="ld ld-StarFill" style="font-size:12px;vertical-align:-0.175em;width:12px;height:12px;box-sizing:content-box" aria-hidden="true"></i><i class="ld ld-StarFill" style="font-size:12px;vertical-align:-0.175em;width:12px;height:12px;box-sizing:content-box" aria-hidden="true"></i><i class="ld ld-StarFill" style="font-size:12px;vertical-align:-0.175em;width:12px;height:12px;box-sizing:content-box" aria-hidden="true"></i><i class="ld ld-StarFill" style="font-size:12px;vertical-align:-0.175em;width:12px;height:12px;box-sizing:content-box" aria-hidden="true"></i></span><span class="sans-serif gray f7" aria-hidden="true" data-testid="product-reviews" data-value="2">2</span><span class="w_iUH7">5 out of 5 Stars. 2 reviews</span></div><div></div><div class="mb2 mt2"><span class="w_iUH7">Available for Pickup or Delivery</span><span class="w_VbBP w_mFV6 w_I_19 w_3oNC w_AAn7 mr1 mt1 ph1" aria-hidden="true">Pickup</span><span class="w_VbBP w_mFV6 w_I_19 w_3oNC w_AAn7 mr1 mt1 ph1" aria-hidden="true">Delivery</span></div></div></li><li class="flex flex-column items-center pa1 pr2 pb2" data-slide="2"><div role="group" data-item-id="414344604" class="sans-serif mid-gray relative flex flex-column w-100 h-100 hide-child-opacity" data-testid="product-tile-2" aria-label="Product"><a link-identifier="414344604" class="absolute w-100 h-100 z-1 hide-sibling-opacity" target="" href="/ip/Josh-Cellars-California-Ros-Wine-750-ml/414344604?athcpid=414344604&amp;athpgid=AthenaContentPage_8604954&amp;athcgid=null&amp;athznid=ItemCarousel_1753b8c6-c8c4-49fa-8e18-809399324bb4_items&amp;athieid=v0&amp;athstid=CS020&amp;athguid=fZ0TNvxS86RnhOIMqZXwWGGGu40sBHjwnBkn&amp;athancid=null&amp;athena=true"><span class="w_iUH7"><h3>Josh Cellars California Rosé Wine, 750 ml</h3></span></a><div class="h2 relative mv2"></div><div class="relative"><div class="relative overflow-hidden" style="max-width:226px;height:0;padding-bottom:min(226px, 100%);align-self:center;width:min(226px, 100%)"><img loading="lazy" srcset="https://i5.walmartimages.com/asr/df0536a5-9f8a-418f-b110-97dfbf35df3d.b56d348655f7a46539cf6c9928887056.jpeg?odnHeight=226&amp;odnWidth=226&amp;odnBg=FFFFFF 1x, https://i5.walmartimages.com/asr/df0536a5-9f8a-418f-b110-97dfbf35df3d.b56d348655f7a46539cf6c9928887056.jpeg?odnHeight=576&amp;odnWidth=576&amp;odnBg=FFFFFF 2x" src="https://i5.walmartimages.com/asr/df0536a5-9f8a-418f-b110-97dfbf35df3d.b56d348655f7a46539cf6c9928887056.jpeg?odnHeight=576&amp;odnWidth=576&amp;odnBg=FFFFFF" width="" height="" class="absolute top-0 left-0" data-testid="productTileImage" alt="Josh Cellars California Rosé Wine, 750 ml"/></div><div class="z-2 absolute bottom--1"><div class="relative dib" data-id="414344604"><button class="w_hhLG w_8nsR w_jDfj pointer bn sans-serif b ph2 flex items-center justify-center w-auto shadow-1" type="button" data-pcss-hide="true" data-automation-id="add-to-cart" aria-label="Add to cart - Josh Cellars California Rosé Wine, 750 ml"><i class="ld ld-Plus" style="font-size:1.5rem;vertical-align:-0.25em;width:1.5rem;height:1.5rem;box-sizing:content-box" title="add to cart"></i><span class="mr2">Add</span></button></div></div></div><div class="mt5 mb0" style="height:24px" data-testid="variant-414344604"></div><div data-automation-id="product-price" class="flex flex-wrap justify-start items-center lh-title mb1-m"><div class="mr1 mr2-xl b black lh-copy f5 f4-l" aria-hidden="true">$10.98</div><span class="w_iUH7">current price $10.98</span><div class="gray mr1 f7 f6-l">43.3 ¢/fl oz</div></div><span class=""><span class="w_V_DM" style="-webkit-line-clamp:3;padding-bottom:0em;margin-bottom:-0em"><span data-automation-id="product-title" class="normal dark-gray mb0 mt1 lh-title f6 f5-l">Josh Cellars California Rosé Wine, 750 ml</span></span></span><div class="flex items-center mt2"><span class="black inline-flex mr1" data-testid="product-ratings" data-value="4.2"><i class="ld ld-StarFill" style="font-size:12px;vertical-align:-0.175em;width:12px;height:12px;box-sizing:content-box" aria-hidden="true"></i><i class="ld ld-StarFill" style="font-size:12px;vertical-align:-0.175em;width:12px;height:12px;box-sizing:content-box" aria-hidden="true"></i><i class="ld ld-StarFill" style="font-size:12px;vertical-align:-0.175em;width:12px;height:12px;box-sizing:content-box" aria-hidden="true"></i><i class="ld ld-StarFill" style="font-size:12px;vertical-align:-0.175em;width:12px;height:12px;box-sizing:content-box" aria-hidden="true"></i><i class="ld ld-Star" style="font-size:12px;vertical-align:-0.175em;width:12px;height:12px;box-sizing:content-box" aria-hidden="true"></i></span><span class="sans-serif gray f7" aria-hidden="true" data-testid="product-reviews" data-value="26">26</span><span class="w_iUH7">4.2 out of 5 Stars. 26 reviews</span></div><div></div><div class="mb2 mt2"><span class="w_iUH7">Available for Pickup or Delivery</span><span class="w_VbBP w_mFV6 w_I_19 w_3oNC w_AAn7 mr1 mt1 ph1" aria-hidden="true">Pickup</span><span class="w_VbBP w_mFV6 w_I_19 w_3oNC w_AAn7 mr1 mt1 ph1" aria-hidden="true">Delivery</span></div></div></li><li class="flex flex-column items-center pa1 pr2 pb2" data-slide="3"><div role="group" data-item-id="519822763" class="sans-serif mid-gray relative flex flex-column w-100 h-100 hide-child-opacity" data-testid="product-tile-3" aria-label="Product"><a link-identifier="519822763" class="absolute w-100 h-100 z-1 hide-sibling-opacity" target="" href="/ip/19-Crimes-Snoop-Dogg-Cali-Rose-California-Wine-750ml-Bottle-10-5-ABV/519822763?athcpid=519822763&amp;athpgid=AthenaContentPage_8604954&amp;athcgid=null&amp;athznid=ItemCarousel_1753b8c6-c8c4-49fa-8e18-809399324bb4_items&amp;athieid=v0&amp;athstid=CS020&amp;athguid=fZ0TNvxS86RnhOIMqZXwWGGGu40sBHjwnBkn&amp;athancid=null&amp;athena=true"><span class="w_iUH7"><h3>19 Crimes Snoop Dogg Cali Rose California Wine, 750ml Bottle, 10.5% ABV</h3></span></a><div class="h2 relative mv2"></div><div class="relative"><div class="relative overflow-hidden" style="max-width:226px;height:0;padding-bottom:min(226px, 100%);align-self:center;width:min(226px, 100%)"><img loading="lazy" srcset="https://i5.walmartimages.com/asr/8a5624a8-bdc7-4309-984a-b2e5812b93a0.55b7b8aaae8243c52546419a8fb0babe.jpeg?odnHeight=226&amp;odnWidth=226&amp;odnBg=FFFFFF 1x, https://i5.walmartimages.com/asr/8a5624a8-bdc7-4309-984a-b2e5812b93a0.55b7b8aaae8243c52546419a8fb0babe.jpeg?odnHeight=576&amp;odnWidth=576&amp;odnBg=FFFFFF 2x" src="https://i5.walmartimages.com/asr/8a5624a8-bdc7-4309-984a-b2e5812b93a0.55b7b8aaae8243c52546419a8fb0babe.jpeg?odnHeight=576&amp;odnWidth=576&amp;odnBg=FFFFFF" width="" height="" class="absolute top-0 left-0" data-testid="productTileImage" alt="19 Crimes Snoop Dogg Cali Rose California Wine, 750ml Bottle, 10.5% ABV"/></div><div class="z-2 absolute bottom--1"><div class="relative dib" data-id="519822763"><button class="w_hhLG w_8nsR w_jDfj pointer bn sans-serif b ph2 flex items-center justify-center w-auto shadow-1" type="button" data-pcss-hide="true" data-automation-id="add-to-cart" aria-label="Add to cart - 19 Crimes Snoop Dogg Cali Rose California Wine, 750ml Bottle, 10.5% ABV"><i class="ld ld-Plus" style="font-size:1.5rem;vertical-align:-0.25em;width:1.5rem;height:1.5rem;box-sizing:content-box" title="add to cart"></i><span class="mr2">Add</span></button></div></div></div><div class="mt5 mb0" style="height:24px" data-testid="variant-519822763"></div><div data-automation-id="product-price" class="flex flex-wrap justify-start items-center lh-title mb1-m"><div class="mr1 mr2-xl b black lh-copy f5 f4-l" aria-hidden="true">$11.98</div><span class="w_iUH7">current price $11.98</span><div class="gray mr1 f7 f6-l">47.2 ¢/fl oz</div></div><span class=""><span class="w_V_DM" style="-webkit-line-clamp:3;padding-bottom:0em;margin-bottom:-0em"><span data-automation-id="product-title" class="normal dark-gray mb0 mt1 lh-title f6 f5-l">19 Crimes Snoop Dogg Cali Rose California Wine, 750ml Bottle, 10.5% ABV</span></span></span><div class="flex items-center mt2"><span class="black inline-flex mr1" data-testid="product-ratings" data-value="3.6"><i class="ld ld-StarFill" style="font-size:12px;vertical-align:-0.175em;width:12px;height:12px;box-sizing:content-box" aria-hidden="true"></i><i class="ld ld-StarFill" style="font-size:12px;vertical-align:-0.175em;width:12px;height:12px;box-sizing:content-box" aria-hidden="true"></i><i class="ld ld-StarFill" style="font-size:12px;vertical-align:-0.175em;width:12px;height:12px;box-sizing:content-box" aria-hidden="true"></i><i class="ld ld-StarHalf" style="font-size:12px;vertical-align:-0.175em;width:12px;height:12px;box-sizing:content-box" aria-hidden="true"></i><i class="ld ld-Star" style="font-size:12px;vertical-align:-0.175em;width:12px;height:12px;box-sizing:content-box" aria-hidden="true"></i></span><span class="sans-serif gray f7" aria-hidden="true" data-testid="product-reviews" data-value="5">5</span><span class="w_iUH7">3.6 out of 5 Stars. 5 reviews</span></div><div></div><div class="mb2 mt2"><span class="w_iUH7">Available for Pickup or Delivery</span><span class="w_VbBP w_mFV6 w_I_19 w_3oNC w_AAn7 mr1 mt1 ph1" aria-hidden="true">Pickup</span><span class="w_VbBP w_mFV6 w_I_19 w_3oNC w_AAn7 mr1 mt1 ph1" aria-hidden="true">Delivery</span></div></div></li><li class="flex flex-column items-center pa1 pr2 pb2" data-slide="4"><div role="group" data-item-id="631594226" class="sans-serif mid-gray relative flex flex-column w-100 h-100 hide-child-opacity" data-testid="product-tile-4" aria-label="Product"><a link-identifier="631594226" class="absolute w-100 h-100 z-1 hide-sibling-opacity" target="" href="/ip/Yes-Way-Ros-Southern-France-12-5-ABV-1-750ml-Glass-Bottle-3-240ml-Servings/631594226?athcpid=631594226&amp;athpgid=AthenaContentPage_8604954&amp;athcgid=null&amp;athznid=ItemCarousel_1753b8c6-c8c4-49fa-8e18-809399324bb4_items&amp;athieid=v0&amp;athstid=CS020&amp;athguid=fZ0TNvxS86RnhOIMqZXwWGGGu40sBHjwnBkn&amp;athancid=null&amp;athena=true"><span class="w_iUH7"><h3>Yes Way Rosé, Southern France, 12.5% ABV, 1-750ml, Glass Bottle, 3-240ml Servings.</h3></span></a><div class="h2 relative mv2"></div><div class="relative"><div class="relative overflow-hidden" style="max-width:226px;height:0;padding-bottom:min(226px, 100%);align-self:center;width:min(226px, 100%)"><img loading="lazy" srcset="https://i5.walmartimages.com/asr/7f405c89-d6e3-4bec-a668-ff4bdfb22785_1.5a81758bed0d8a68f9a6cd54320a34b1.jpeg?odnHeight=226&amp;odnWidth=226&amp;odnBg=FFFFFF 1x, https://i5.walmartimages.com/asr/7f405c89-d6e3-4bec-a668-ff4bdfb22785_1.5a81758bed0d8a68f9a6cd54320a34b1.jpeg?odnHeight=576&amp;odnWidth=576&amp;odnBg=FFFFFF 2x" src="https://i5.walmartimages.com/asr/7f405c89-d6e3-4bec-a668-ff4bdfb22785_1.5a81758bed0d8a68f9a6cd54320a34b1.jpeg?odnHeight=576&amp;odnWidth=576&amp;odnBg=FFFFFF" width="" height="" class="absolute top-0 left-0" data-testid="productTileImage" alt="Yes Way Rosé, Southern France, 12.5% ABV, 1-750ml, Glass Bottle, 3-240ml Servings."/></div><div class="z-2 absolute bottom--1"><div class="relative dib" data-id="631594226"><button class="w_hhLG w_8nsR w_jDfj pointer bn sans-serif b ph2 flex items-center justify-center w-auto shadow-1" type="button" data-pcss-hide="true" data-automation-id="add-to-cart" aria-label="Add to cart - Yes Way Rosé, Southern France, 12.5% ABV, 1-750ml, Glass Bottle, 3-240ml Servings."><i class="ld ld-Plus" style="font-size:1.5rem;vertical-align:-0.25em;width:1.5rem;height:1.5rem;box-sizing:content-box" title="add to cart"></i><span class="mr2">Add</span></button></div></div></div><div class="mt5 mb0" style="height:24px" data-testid="variant-631594226"></div><div data-automation-id="product-price" class="flex flex-wrap justify-start items-center lh-title mb1-m"><div class="mr1 mr2-xl b black lh-copy f5 f4-l" aria-hidden="true">$13.98</div><span class="w_iUH7">current price $13.98</span><div class="gray mr1 f7 f6-l">55.0 ¢/fl oz</div></div><span class=""><span class="w_V_DM" style="-webkit-line-clamp:3;padding-bottom:0em;margin-bottom:-0em"><span data-automation-id="product-title" class="normal dark-gray mb0 mt1 lh-title f6 f5-l">Yes Way Rosé, Southern France, 12.5% ABV, 1-750ml, Glass Bottle, 3-240ml Servings.</span></span></span><div class="flex items-center mt2"><span class="black inline-flex mr1" data-testid="product-ratings" data-value="5"><i class="ld ld-StarFill" style="font-size:12px;vertical-align:-0.175em;width:12px;height:12px;box-sizing:content-box" aria-hidden="true"></i><i class="ld ld-StarFill" style="font-size:12px;vertical-align:-0.175em;width:12px;height:12px;box-sizing:content-box" aria-hidden="true"></i><i class="ld ld-StarFill" style="font-size:12px;vertical-align:-0.175em;width:12px;height:12px;box-sizing:content-box" aria-hidden="true"></i><i class="ld ld-StarFill" style="font-size:12px;vertical-align:-0.175em;width:12px;height:12px;box-sizing:content-box" aria-hidden="true"></i><i class="ld ld-StarFill" style="font-size:12px;vertical-align:-0.175em;width:12px;height:12px;box-sizing:content-box" aria-hidden="true"></i></span><span class="sans-serif gray f7" aria-hidden="true" data-testid="product-reviews" data-value="3">3</span><span class="w_iUH7">5 out of 5 Stars. 3 reviews</span></div><div></div><div class="mb2 mt2"><span class="w_iUH7">Available for Pickup or Delivery</span><span class="w_VbBP w_mFV6 w_I_19 w_3oNC w_AAn7 mr1 mt1 ph1" aria-hidden="true">Pickup</span><span class="w_VbBP w_mFV6 w_I_19 w_3oNC w_AAn7 mr1 mt1 ph1" aria-hidden="true">Delivery</span></div></div></li><li class="flex flex-column items-center pa1 pr2 pb2" data-slide="5"><div role="group" data-item-id="858605533" class="sans-serif mid-gray relative flex flex-column w-100 h-100 hide-child-opacity" data-testid="product-tile-5" aria-label="Product"><a link-identifier="858605533" class="absolute w-100 h-100 z-1 hide-sibling-opacity" target="" href="/ip/Gerard-Bertrand-Ros-Wine-750-ml-Bottle/858605533?athcpid=858605533&amp;athpgid=AthenaContentPage_8604954&amp;athcgid=null&amp;athznid=ItemCarousel_1753b8c6-c8c4-49fa-8e18-809399324bb4_items&amp;athieid=v0&amp;athstid=CS020&amp;athguid=fZ0TNvxS86RnhOIMqZXwWGGGu40sBHjwnBkn&amp;athancid=null&amp;athena=true"><span class="w_iUH7"><h3>Gerard Bertrand Rosé Wine, 750 ml, Bottle</h3></span></a><div class="h2 relative mv2"></div><div class="relative"><div class="relative overflow-hidden" style="max-width:226px;height:0;padding-bottom:min(226px, 100%);align-self:center;width:min(226px, 100%)"><img loading="lazy" srcset="https://i5.walmartimages.com/asr/8c43871c-9217-416a-9fd4-cfabe7390b5e.94dce7f8ddc9e3f0e830473b2fa56c22.jpeg?odnHeight=226&amp;odnWidth=226&amp;odnBg=FFFFFF 1x, https://i5.walmartimages.com/asr/8c43871c-9217-416a-9fd4-cfabe7390b5e.94dce7f8ddc9e3f0e830473b2fa56c22.jpeg?odnHeight=576&amp;odnWidth=576&amp;odnBg=FFFFFF 2x" src="https://i5.walmartimages.com/asr/8c43871c-9217-416a-9fd4-cfabe7390b5e.94dce7f8ddc9e3f0e830473b2fa56c22.jpeg?odnHeight=576&amp;odnWidth=576&amp;odnBg=FFFFFF" width="" height="" class="absolute top-0 left-0" data-testid="productTileImage" alt="Gerard Bertrand Rosé Wine, 750 ml, Bottle"/></div><div class="z-2 absolute bottom--1"><div class="relative dib" data-id="858605533"><button class="w_hhLG w_8nsR w_jDfj pointer bn sans-serif b ph2 flex items-center justify-center w-auto shadow-1" type="button" data-pcss-hide="true" data-automation-id="add-to-cart" aria-label="Add to cart - Gerard Bertrand Rosé Wine, 750 ml, Bottle"><i class="ld ld-Plus" style="font-size:1.5rem;vertical-align:-0.25em;width:1.5rem;height:1.5rem;box-sizing:content-box" title="add to cart"></i><span class="mr2">Add</span></button></div></div></div><div class="mt5 mb0" style="height:24px" data-testid="variant-858605533"></div><div data-automation-id="product-price" class="flex flex-wrap justify-start items-center lh-title mb1-m"><div class="mr1 mr2-xl b black lh-copy f5 f4-l" aria-hidden="true">$14.98</div><span class="w_iUH7">current price $14.98</span><div class="gray mr1 f7 f6-l">59.1 ¢/fl oz</div></div><span class=""><span class="w_V_DM" style="-webkit-line-clamp:3;padding-bottom:0em;margin-bottom:-0em"><span data-automation-id="product-title" class="normal dark-gray mb0 mt1 lh-title f6 f5-l">Gerard Bertrand Rosé Wine, 750 ml, Bottle</span></span></span><div class="flex items-center mt2"><span class="black inline-flex mr1" data-testid="product-ratings" data-value="3.9"><i class="ld ld-StarFill" style="font-size:12px;vertical-align:-0.175em;width:12px;height:12px;box-sizing:content-box" aria-hidden="true"></i><i class="ld ld-StarFill" style="font-size:12px;vertical-align:-0.175em;width:12px;height:12px;box-sizing:content-box" aria-hidden="true"></i><i class="ld ld-StarFill" style="font-size:12px;vertical-align:-0.175em;width:12px;height:12px;box-sizing:content-box" aria-hidden="true"></i><i class="ld ld-StarFill" style="font-size:12px;vertical-align:-0.175em;width:12px;height:12px;box-sizing:content-box" aria-hidden="true"></i><i class="ld ld-Star" style="font-size:12px;vertical-align:-0.175em;width:12px;height:12px;box-sizing:content-box" aria-hidden="true"></i></span><span class="sans-serif gray f7" aria-hidden="true" data-testid="product-reviews" data-value="22">22</span><span class="w_iUH7">3.9 out of 5 Stars. 22 reviews</span></div><div></div><div class="mb2 mt2"><span class="w_iUH7">Available for Pickup or Delivery</span><span class="w_VbBP w_mFV6 w_I_19 w_3oNC w_AAn7 mr1 mt1 ph1" aria-hidden="true">Pickup</span><span class="w_VbBP w_mFV6 w_I_19 w_3oNC w_AAn7 mr1 mt1 ph1" aria-hidden="true">Delivery</span></div></div></li><li class="flex flex-column items-center pa1 pr2 pb2" data-slide="6"><div role="group" data-item-id="834911665" class="sans-serif mid-gray relative flex flex-column w-100 h-100 hide-child-opacity" data-testid="product-tile-6" aria-label="Product"><a link-identifier="834911665" class="absolute w-100 h-100 z-1 hide-sibling-opacity" target="" href="/ip/La-Marca-Prosecco-Rose-Sparkling-Wine-750ml-Glass-Bottle-Product-of-Italy/834911665?athcpid=834911665&amp;athpgid=AthenaContentPage_8604954&amp;athcgid=null&amp;athznid=ItemCarousel_1753b8c6-c8c4-49fa-8e18-809399324bb4_items&amp;athieid=v0&amp;athstid=CS020&amp;athguid=fZ0TNvxS86RnhOIMqZXwWGGGu40sBHjwnBkn&amp;athancid=null&amp;athena=true&amp;athbdg=L1600"><span class="w_iUH7"><h3>La Marca Prosecco Rose Sparkling Wine, 750ml Glass Bottle, Product of Italy</h3></span></a><div class="h2 relative mv2"><span class="w_VbBP w_mFV6 w_awtt w_3oNC w_3H8O tag-leading-badge absolute">Best seller</span></div><div class="relative"><div class="relative overflow-hidden" style="max-width:226px;height:0;padding-bottom:min(226px, 100%);align-self:center;width:min(226px, 100%)"><img loading="lazy" srcset="https://i5.walmartimages.com/asr/06bf6e07-9bb6-4edf-8243-abbee5d21ba9.dffab1bf933a6cae89caf58580b43e26.jpeg?odnHeight=226&amp;odnWidth=226&amp;odnBg=FFFFFF 1x, https://i5.walmartimages.com/asr/06bf6e07-9bb6-4edf-8243-abbee5d21ba9.dffab1bf933a6cae89caf58580b43e26.jpeg?odnHeight=576&amp;odnWidth=576&amp;odnBg=FFFFFF 2x" src="https://i5.walmartimages.com/asr/06bf6e07-9bb6-4edf-8243-abbee5d21ba9.dffab1bf933a6cae89caf58580b43e26.jpeg?odnHeight=576&amp;odnWidth=576&amp;odnBg=FFFFFF" width="" height="" class="absolute top-0 left-0" data-testid="productTileImage" alt="La Marca Prosecco Rose Sparkling Wine, 750ml Glass Bottle, Product of Italy"/></div><div class="z-2 absolute bottom--1"><div class="relative dib" data-id="834911665"><button class="w_hhLG w_8nsR w_jDfj pointer bn sans-serif b ph2 flex items-center justify-center w-auto shadow-1" type="button" data-pcss-hide="true" data-automation-id="add-to-cart" aria-label="Add to cart - La Marca Prosecco Rose Sparkling Wine, 750ml Glass Bottle, Product of Italy"><i class="ld ld-Plus" style="font-size:1.5rem;vertical-align:-0.25em;width:1.5rem;height:1.5rem;box-sizing:content-box" title="add to cart"></i><span class="mr2">Add</span></button></div></div></div><div class="mt5 mb0" style="height:24px" data-testid="variant-834911665"></div><div data-automation-id="product-price" class="flex flex-wrap justify-start items-center lh-title mb1-m"><div class="mr1 mr2-xl b black lh-copy f5 f4-l" aria-hidden="true">$14.98</div><span class="w_iUH7">current price $14.98</span><div class="gray mr1 f7 f6-l">59.0 ¢/fl oz</div></div><span class=""><span class="w_V_DM" style="-webkit-line-clamp:3;padding-bottom:0em;margin-bottom:-0em"><span data-automation-id="product-title" class="normal dark-gray mb0 mt1 lh-title f6 f5-l">La Marca Prosecco Rose Sparkling Wine, 750ml Glass Bottle, Product of Italy</span></span></span><div class="flex items-center mt2"><span class="black inline-flex mr1" data-testid="product-ratings" data-value="4.3"><i class="ld ld-StarFill" style="font-size:12px;vertical-align:-0.175em;width:12px;height:12px;box-sizing:content-box" aria-hidden="true"></i><i class="ld ld-StarFill" style="font-size:12px;vertical-align:-0.175em;width:12px;height:12px;box-sizing:content-box" aria-hidden="true"></i><i class="ld ld-StarFill" style="font-size:12px;vertical-align:-0.175em;width:12px;height:12px;box-sizing:content-box" aria-hidden="true"></i><i class="ld ld-StarFill" style="font-size:12px;vertical-align:-0.175em;width:12px;height:12px;box-sizing:content-box" aria-hidden="true"></i><i class="ld ld-StarHalf" style="font-size:12px;vertical-align:-0.175em;width:12px;height:12px;box-sizing:content-box" aria-hidden="true"></i></span><span class="sans-serif gray f7" aria-hidden="true" data-testid="product-reviews" data-value="4">4</span><span class="w_iUH7">4.3 out of 5 Stars. 4 reviews</span></div><div></div><div class="mb2 mt2"><span class="w_iUH7">Available for Pickup or Delivery</span><span class="w_VbBP w_mFV6 w_I_19 w_3oNC w_AAn7 mr1 mt1 ph1" aria-hidden="true">Pickup</span><span class="w_VbBP w_mFV6 w_I_19 w_3oNC w_AAn7 mr1 mt1 ph1" aria-hidden="true">Delivery</span></div></div></li><li class="flex flex-column items-center pa1 pr2 pb2" data-slide="7"><div role="group" data-item-id="270539982" class="sans-serif mid-gray relative flex flex-column w-100 h-100 hide-child-opacity" data-testid="product-tile-7" aria-label="Product"><a link-identifier="270539982" class="absolute w-100 h-100 z-1 hide-sibling-opacity" target="" href="/ip/Dark-Horse-Ros-Wine-750ml-Glass-Bottle/270539982?athcpid=270539982&amp;athpgid=AthenaContentPage_8604954&amp;athcgid=null&amp;athznid=ItemCarousel_1753b8c6-c8c4-49fa-8e18-809399324bb4_items&amp;athieid=v0&amp;athstid=CS020&amp;athguid=fZ0TNvxS86RnhOIMqZXwWGGGu40sBHjwnBkn&amp;athancid=null&amp;athena=true"><span class="w_iUH7"><h3>Dark Horse Rosé Wine, 750ml Glass Bottle</h3></span></a><div class="h2 relative mv2"></div><div class="relative"><div class="relative overflow-hidden" style="max-width:226px;height:0;padding-bottom:min(226px, 100%);align-self:center;width:min(226px, 100%)"><img loading="lazy" srcset="https://i5.walmartimages.com/asr/91a7df3c-d360-4fab-98e5-c73465b1951c_1.66556212c0f7ec4ea9eb98d4a5368394.jpeg?odnHeight=226&amp;odnWidth=226&amp;odnBg=FFFFFF 1x, https://i5.walmartimages.com/asr/91a7df3c-d360-4fab-98e5-c73465b1951c_1.66556212c0f7ec4ea9eb98d4a5368394.jpeg?odnHeight=576&amp;odnWidth=576&amp;odnBg=FFFFFF 2x" src="https://i5.walmartimages.com/asr/91a7df3c-d360-4fab-98e5-c73465b1951c_1.66556212c0f7ec4ea9eb98d4a5368394.jpeg?odnHeight=576&amp;odnWidth=576&amp;odnBg=FFFFFF" width="" height="" class="absolute top-0 left-0" data-testid="productTileImage" alt="Dark Horse Rosé Wine, 750ml Glass Bottle"/></div><div class="z-2 absolute bottom--1"><div class="relative dib" data-id="270539982"><button class="w_hhLG w_8nsR w_jDfj pointer bn sans-serif b ph2 flex items-center justify-center w-auto shadow-1" type="button" data-pcss-hide="true" data-automation-id="add-to-cart" aria-label="Add to cart - Dark Horse Rosé Wine, 750ml Glass Bottle"><i class="ld ld-Plus" style="font-size:1.5rem;vertical-align:-0.25em;width:1.5rem;height:1.5rem;box-sizing:content-box" title="add to cart"></i><span class="mr2">Add</span></button></div></div></div><div class="mt5 mb0" style="height:24px" data-testid="variant-270539982"></div><div data-automation-id="product-price" class="flex flex-wrap justify-start items-center lh-title mb1-m"><div class="mr1 mr2-xl b black lh-copy f5 f4-l" aria-hidden="true">$8.48</div><span class="w_iUH7">current price $8.48</span><div class="gray mr1 f7 f6-l">33.4 ¢/fl oz</div></div><span class=""><span class="w_V_DM" style="-webkit-line-clamp:3;padding-bottom:0em;margin-bottom:-0em"><span data-automation-id="product-title" class="normal dark-gray mb0 mt1 lh-title f6 f5-l">Dark Horse Rosé Wine, 750ml Glass Bottle</span></span></span><div class="flex items-center mt2"><span class="black inline-flex mr1" data-testid="product-ratings" data-value="4.3"><i class="ld ld-StarFill" style="font-size:12px;vertical-align:-0.175em;width:12px;height:12px;box-sizing:content-box" aria-hidden="true"></i><i class="ld ld-StarFill" style="font-size:12px;vertical-align:-0.175em;width:12px;height:12px;box-sizing:content-box" aria-hidden="true"></i><i class="ld ld-StarFill" style="font-size:12px;vertical-align:-0.175em;width:12px;height:12px;box-sizing:content-box" aria-hidden="true"></i><i class="ld ld-StarFill" style="font-size:12px;vertical-align:-0.175em;width:12px;height:12px;box-sizing:content-box" aria-hidden="true"></i><i class="ld ld-StarHalf" style="font-size:12px;vertical-align:-0.175em;width:12px;height:12px;box-sizing:content-box" aria-hidden="true"></i></span><span class="sans-serif gray f7" aria-hidden="true" data-testid="product-reviews" data-value="35">35</span><span class="w_iUH7">4.3 out of 5 Stars. 35 reviews</span></div><div></div><div class="mb2 mt2"><span class="w_iUH7">Available for Pickup or Delivery</span><span class="w_VbBP w_mFV6 w_I_19 w_3oNC w_AAn7 mr1 mt1 ph1" aria-hidden="true">Pickup</span><span class="w_VbBP w_mFV6 w_I_19 w_3oNC w_AAn7 mr1 mt1 ph1" aria-hidden="true">Delivery</span></div></div></li></ul><a link-identifier="horizontalScrollerNext" class="absolute dn z-5 bg-white br-100 pa0 pointer db-l br-100 nav-control right-1" aria-label="Next slide for Product Carousel list" data-testid="horizontal-scroller-next" role="button"><i class="ld ld-ChevronRight" style="font-size:1.5rem;vertical-align:-0.25em;padding:12px;width:1.5rem;height:1.5rem;box-sizing:content-box"></i></a></div></section></section></div> <section class="mv3 mv4-xl ml3 mr3-m mh0-l bb b--near-white bn-l"><div class="flex justify-between sans-serif mb3 items-baseline"><h2 class="f4 f3-m truncate ma0">Level up your holiday</h2></div><div class="w_KPWk w_GxNv" role="list"><div class="w_aoqv w_wRee w_b0y1 w_1ZCx" role="listitem"><article class="sans-serif shadow-1 br3 w-100 bg-white"><a link-identifier="MKW POV Banners_838 x 470 vA.jpg" class="no-underline" href="https://www.walmart.com/cp/mark-west/4067319?povid=976759_2upPOVCards_8604954_Levelupyourholiday_MarkWestPinotNoir_Rweb_Dec_6"><img loading="lazy" srcset="https://i5.walmartimages.com/dfw/4ff9c6c9-895c/k2-_14a2e79c-5f20-4551-9cc4-f14db579168a.v1.jpg?odnHeight=340&amp;odnWidth=604&amp;odnBg=FFFFFF 1x,
        https://i5.walmartimages.com/dfw/4ff9c6c9-895c/k2-_14a2e79c-5f20-4551-9cc4-f14db579168a.v1.jpg?odnHeight=680&amp;odnWidth=1208&amp;odnBg=FFFFFF 2x" src="https://i5.walmartimages.com/dfw/4ff9c6c9-895c/k2-_14a2e79c-5f20-4551-9cc4-f14db579168a.v1.jpg?odnHeight=340&amp;odnWidth=604&amp;odnBg=FFFFFF" alt="" class="w-100 br3 br--top db h-auto" width="604" height="340"/><div class="pa3 pb0"><h3 class="f4 ma0 mb1 mb2-xl dark-gray lh-title truncate">Mark West Pinot Noir</h3><p class="f6 ma0 mid-gray lh-copy" style="height:2.5rem;overflow:hidden;text-overflow:ellipsis" title="Gift the #1 Pinot Noir in America this holiday season.">Gift the #1 Pinot Noir in America this holiday season.</p></div><span class="pv1 dib b mv3 ml3 ph3 f6 ba br4 b--black black bg-white hover-white hover-bg-black outline-0 no-underline">Shop now</span></a></article></div><div class="w_aoqv w_wRee w_b0y1 w_1ZCx" role="listitem"><article class="sans-serif shadow-1 br3 w-100 bg-white"><a link-identifier="MKW POV Banners_838 x 470 vB.jpg" class="no-underline" href="https://www.walmart.com/cp/mark-west/4067319?povid=976759_2upPOVCards_8604954_Levelupyourholiday_Adelightfulpinot_Rweb_Dec_6"><img loading="lazy" srcset="https://i5.walmartimages.com/dfw/4ff9c6c9-49ad/k2-_d6581708-3f95-49ab-911c-fd89d0c7f078.v1.jpg?odnHeight=340&amp;odnWidth=604&amp;odnBg=FFFFFF 1x,
        https://i5.walmartimages.com/dfw/4ff9c6c9-49ad/k2-_d6581708-3f95-49ab-911c-fd89d0c7f078.v1.jpg?odnHeight=680&amp;odnWidth=1208&amp;odnBg=FFFFFF 2x" src="https://i5.walmartimages.com/dfw/4ff9c6c9-49ad/k2-_d6581708-3f95-49ab-911c-fd89d0c7f078.v1.jpg?odnHeight=340&amp;odnWidth=604&amp;odnBg=FFFFFF" alt="" class="w-100 br3 br--top db h-auto" width="604" height="340"/><div class="pa3 pb0"><h3 class="f4 ma0 mb1 mb2-xl dark-gray lh-title truncate">A delightful pinot</h3><p class="f6 ma0 mid-gray lh-copy" style="height:2.5rem;overflow:hidden;text-overflow:ellipsis" title="Pairs perfectly with whatever you are serving on your table.">Pairs perfectly with whatever you are serving on your table.</p></div><span class="pv1 dib b mv3 ml3 ph3 f6 ba br4 b--black black bg-white hover-white hover-bg-black outline-0 no-underline">Shop now</span></a></article></div></div></section> <div class="mv3 mv4-xl ml3 ml0-l bb b--near-white"><section><section><header class="flex justify-between mb3 mb2-m pr3 pr4-m pr0-xl items-baseline"><section style="flex:1"><div><div><div class="inline-flex "><h2 class="f4 f3-m lh-title ma0 ">Light red wines</h2></div></div></div></section><a link-identifier="View all" class="black f6" href="https://www.walmart.com/browse/food/red-blend/976759_2975985_8604954_5084212_4968411?povid=976759_itemcarousel_8604954_Lightredwines_Viewall_Rweb_Dec_6">View all</a></header><div class="flex flex-column justify-center relative" data-testid="horizontal-scroller-Product Carousel"><a link-identifier="horizontalScrollerPrevious" class="absolute dn z-5 bg-white br-100 pa0 pointer hidden-child br-100 nav-control left-1" aria-label="Previous slide for Product Carousel list" data-testid="horizontal-scroller-previous" role="button"><i class="ld ld-ChevronLeft" style="font-size:1.5rem;vertical-align:-0.25em;padding:12px;width:1.5rem;height:1.5rem;box-sizing:content-box"></i></a><ul style="display:grid;grid-auto-flow:column;scroll-snap-type:x mandatory;max-height:fit-content" class="list ma0 pl0 overflow-x-scroll hidesb hidesb-wk relative overflow-y-hidden carousel-peek-2 carousel-6-l carousel-3-m pr3-m" data-testid="carousel-container"><li class="flex flex-column items-center pa1 pr2 pb2" data-slide="0"><div role="group" data-item-id="119704644" class="sans-serif mid-gray relative flex flex-column w-100 h-100 hide-child-opacity" data-testid="product-tile-0" aria-label="Product"><a link-identifier="119704644" class="absolute w-100 h-100 z-1 hide-sibling-opacity" target="" href="/ip/Stella-Rosa-Black-Semi-Sweet-Red-Wine-750ml-Glass-Bottle-Piedmont-Italy-Serving-Size-6oz/119704644?athcpid=119704644&amp;athpgid=AthenaContentPage_8604954&amp;athcgid=null&amp;athznid=ItemCarousel_1b50db53-f315-4110-8d8a-52c8e951058a_items&amp;athieid=v0&amp;athstid=CS020&amp;athguid=fZ0TNvxS86RnhOIMqZXwWGGGu40sBHjwnBkn&amp;athancid=null&amp;athena=true"><span class="w_iUH7"><h3>Stella Rosa Black Semi-Sweet Red Wine, 750ml Glass Bottle, Piedmont Italy, Serving Size 6oz</h3></span></a><div class="h2 relative mv2"></div><div class="relative"><div class="relative overflow-hidden" style="max-width:226px;height:0;padding-bottom:min(226px, 100%);align-self:center;width:min(226px, 100%)"><img loading="lazy" srcset="https://i5.walmartimages.com/asr/adefc2a5-180a-48bc-b954-843c5763a4b1.e7611fa0a806313a4d239f4b50222441.jpeg?odnHeight=226&amp;odnWidth=226&amp;odnBg=FFFFFF 1x, https://i5.walmartimages.com/asr/adefc2a5-180a-48bc-b954-843c5763a4b1.e7611fa0a806313a4d239f4b50222441.jpeg?odnHeight=576&amp;odnWidth=576&amp;odnBg=FFFFFF 2x" src="https://i5.walmartimages.com/asr/adefc2a5-180a-48bc-b954-843c5763a4b1.e7611fa0a806313a4d239f4b50222441.jpeg?odnHeight=576&amp;odnWidth=576&amp;odnBg=FFFFFF" width="" height="" class="absolute top-0 left-0" data-testid="productTileImage" alt="Stella Rosa Black Semi-Sweet Red Wine, 750ml Glass Bottle, Piedmont Italy, Serving Size 6oz"/></div><div class="z-2 absolute bottom--1"><div class="relative dib" data-id="119704644"><button class="w_hhLG w_8nsR w_jDfj pointer bn sans-serif b ph2 flex items-center justify-center w-auto shadow-1" type="button" data-pcss-hide="true" data-automation-id="add-to-cart" aria-label="Add to cart - Stella Rosa Black Semi-Sweet Red Wine, 750ml Glass Bottle, Piedmont Italy, Serving Size 6oz"><i class="ld ld-Plus" style="font-size:1.5rem;vertical-align:-0.25em;width:1.5rem;height:1.5rem;box-sizing:content-box" title="add to cart"></i><span class="mr2">Add</span></button></div></div></div><div class="mt5 mb0" style="height:24px" data-testid="variant-119704644"></div><div data-automation-id="product-price" class="flex flex-wrap justify-start items-center lh-title mb1-m"><div class="mr1 mr2-xl b black lh-copy f5 f4-l" aria-hidden="true">$10.98</div><span class="w_iUH7">current price $10.98</span><div class="gray mr1 f7 f6-l">43.3 ¢/fl oz</div></div><span class=""><span class="w_V_DM" style="-webkit-line-clamp:3;padding-bottom:0em;margin-bottom:-0em"><span data-automation-id="product-title" class="normal dark-gray mb0 mt1 lh-title f6 f5-l">Stella Rosa Black Semi-Sweet Red Wine, 750ml Glass Bottle, Piedmont Italy, Serving Size 6oz</span></span></span><div class="flex items-center mt2"><span class="black inline-flex mr1" data-testid="product-ratings" data-value="4.8"><i class="ld ld-StarFill" style="font-size:12px;vertical-align:-0.175em;width:12px;height:12px;box-sizing:content-box" aria-hidden="true"></i><i class="ld ld-StarFill" style="font-size:12px;vertical-align:-0.175em;width:12px;height:12px;box-sizing:content-box" aria-hidden="true"></i><i class="ld ld-StarFill" style="font-size:12px;vertical-align:-0.175em;width:12px;height:12px;box-sizing:content-box" aria-hidden="true"></i><i class="ld ld-StarFill" style="font-size:12px;vertical-align:-0.175em;width:12px;height:12px;box-sizing:content-box" aria-hidden="true"></i><i class="ld ld-StarFill" style="font-size:12px;vertical-align:-0.175em;width:12px;height:12px;box-sizing:content-box" aria-hidden="true"></i></span><span class="sans-serif gray f7" aria-hidden="true" data-testid="product-reviews" data-value="1218">1218</span><span class="w_iUH7">4.8 out of 5 Stars. 1218 reviews</span></div><div></div><div class="mb2 mt2"><span class="w_iUH7">Available for Pickup or Delivery</span><span class="w_VbBP w_mFV6 w_I_19 w_3oNC w_AAn7 mr1 mt1 ph1" aria-hidden="true">Pickup</span><span class="w_VbBP w_mFV6 w_I_19 w_3oNC w_AAn7 mr1 mt1 ph1" aria-hidden="true">Delivery</span></div></div></li><li class="flex flex-column items-center pa1 pr2 pb2" data-slide="1"><div role="group" data-item-id="186513351" class="sans-serif mid-gray relative flex flex-column w-100 h-100 hide-child-opacity" data-testid="product-tile-1" aria-label="Product"><a link-identifier="186513351" class="absolute w-100 h-100 z-1 hide-sibling-opacity" target="" href="/ip/Apothic-Red-Red-Wine-Blend-California-750ml-Glass-Bottle/186513351?athcpid=186513351&amp;athpgid=AthenaContentPage_8604954&amp;athcgid=null&amp;athznid=ItemCarousel_1b50db53-f315-4110-8d8a-52c8e951058a_items&amp;athieid=v0&amp;athstid=CS020&amp;athguid=fZ0TNvxS86RnhOIMqZXwWGGGu40sBHjwnBkn&amp;athancid=null&amp;athena=true&amp;athbdg=L1600"><span class="w_iUH7"><h3>Apothic Red, Red Wine Blend, California, 750ml Glass Bottle</h3></span></a><div class="h2 relative mv2"><span class="w_VbBP w_mFV6 w_awtt w_3oNC w_3H8O tag-leading-badge absolute">Best seller</span></div><div class="relative"><div class="relative overflow-hidden" style="max-width:226px;height:0;padding-bottom:min(226px, 100%);align-self:center;width:min(226px, 100%)"><img loading="lazy" srcset="https://i5.walmartimages.com/asr/057004a2-33a2-44cc-867c-6206af8bce57.2b6fbb58c55a00efce00541b36e2d492.jpeg?odnHeight=226&amp;odnWidth=226&amp;odnBg=FFFFFF 1x, https://i5.walmartimages.com/asr/057004a2-33a2-44cc-867c-6206af8bce57.2b6fbb58c55a00efce00541b36e2d492.jpeg?odnHeight=576&amp;odnWidth=576&amp;odnBg=FFFFFF 2x" src="https://i5.walmartimages.com/asr/057004a2-33a2-44cc-867c-6206af8bce57.2b6fbb58c55a00efce00541b36e2d492.jpeg?odnHeight=576&amp;odnWidth=576&amp;odnBg=FFFFFF" width="" height="" class="absolute top-0 left-0" data-testid="productTileImage" alt="Apothic Red, Red Wine Blend, California, 750ml Glass Bottle"/></div><div class="z-2 absolute bottom--1"><div class="relative dib" data-id="186513351"><button class="w_hhLG w_8nsR w_jDfj pointer bn sans-serif b ph2 flex items-center justify-center w-auto shadow-1" type="button" data-pcss-hide="true" data-automation-id="add-to-cart" aria-label="Add to cart - Apothic Red, Red Wine Blend, California, 750ml Glass Bottle"><i class="ld ld-Plus" style="font-size:1.5rem;vertical-align:-0.25em;width:1.5rem;height:1.5rem;box-sizing:content-box" title="add to cart"></i><span class="mr2">Add</span></button></div></div></div><div class="mt5 mb0" style="height:24px" data-testid="variant-186513351"></div><div data-automation-id="product-price" class="flex flex-wrap justify-start items-center lh-title mb1-m"><div class="mr1 mr2-xl b black lh-copy f5 f4-l" aria-hidden="true">$9.98</div><span class="w_iUH7">current price $9.98</span><div class="gray mr1 f7 f6-l">39.4 ¢/fl oz</div></div><span class=""><span class="w_V_DM" style="-webkit-line-clamp:3;padding-bottom:0em;margin-bottom:-0em"><span data-automation-id="product-title" class="normal dark-gray mb0 mt1 lh-title f6 f5-l">Apothic Red, Red Wine Blend, California, 750ml Glass Bottle</span></span></span><div class="flex items-center mt2"><span class="black inline-flex mr1" data-testid="product-ratings" data-value="4.4"><i class="ld ld-StarFill" style="font-size:12px;vertical-align:-0.175em;width:12px;height:12px;box-sizing:content-box" aria-hidden="true"></i><i class="ld ld-StarFill" style="font-size:12px;vertical-align:-0.175em;width:12px;height:12px;box-sizing:content-box" aria-hidden="true"></i><i class="ld ld-StarFill" style="font-size:12px;vertical-align:-0.175em;width:12px;height:12px;box-sizing:content-box" aria-hidden="true"></i><i class="ld ld-StarFill" style="font-size:12px;vertical-align:-0.175em;width:12px;height:12px;box-sizing:content-box" aria-hidden="true"></i><i class="ld ld-StarHalf" style="font-size:12px;vertical-align:-0.175em;width:12px;height:12px;box-sizing:content-box" aria-hidden="true"></i></span><span class="sans-serif gray f7" aria-hidden="true" data-testid="product-reviews" data-value="1959">1959</span><span class="w_iUH7">4.4 out of 5 Stars. 1959 reviews</span></div><div></div><div class="mb2 mt2"><span class="w_iUH7">Available for Pickup or Delivery</span><span class="w_VbBP w_mFV6 w_I_19 w_3oNC w_AAn7 mr1 mt1 ph1" aria-hidden="true">Pickup</span><span class="w_VbBP w_mFV6 w_I_19 w_3oNC w_AAn7 mr1 mt1 ph1" aria-hidden="true">Delivery</span></div></div></li><li class="flex flex-column items-center pa1 pr2 pb2" data-slide="2"><div role="group" data-item-id="149767860" class="sans-serif mid-gray relative flex flex-column w-100 h-100 hide-child-opacity" data-testid="product-tile-2" aria-label="Product"><a link-identifier="149767860" class="absolute w-100 h-100 z-1 hide-sibling-opacity" target="" href="/ip/Apothic-Crush-Red-Wine-Blend-California-750ml-Glass-Bottle/149767860?athcpid=149767860&amp;athpgid=AthenaContentPage_8604954&amp;athcgid=null&amp;athznid=ItemCarousel_1b50db53-f315-4110-8d8a-52c8e951058a_items&amp;athieid=v0&amp;athstid=CS020&amp;athguid=fZ0TNvxS86RnhOIMqZXwWGGGu40sBHjwnBkn&amp;athancid=null&amp;athena=true&amp;athbdg=L1600"><span class="w_iUH7"><h3>Apothic Crush Red Wine Blend, California, 750ml Glass Bottle</h3></span></a><div class="h2 relative mv2"><span class="w_VbBP w_mFV6 w_awtt w_3oNC w_3H8O tag-leading-badge absolute">Best seller</span></div><div class="relative"><div class="relative overflow-hidden" style="max-width:226px;height:0;padding-bottom:min(226px, 100%);align-self:center;width:min(226px, 100%)"><img loading="lazy" srcset="https://i5.walmartimages.com/asr/ab949111-5b2c-408a-a4c1-69bc81615eda.9dfad6896db479d3e4779544d8367317.jpeg?odnHeight=226&amp;odnWidth=226&amp;odnBg=FFFFFF 1x, https://i5.walmartimages.com/asr/ab949111-5b2c-408a-a4c1-69bc81615eda.9dfad6896db479d3e4779544d8367317.jpeg?odnHeight=576&amp;odnWidth=576&amp;odnBg=FFFFFF 2x" src="https://i5.walmartimages.com/asr/ab949111-5b2c-408a-a4c1-69bc81615eda.9dfad6896db479d3e4779544d8367317.jpeg?odnHeight=576&amp;odnWidth=576&amp;odnBg=FFFFFF" width="" height="" class="absolute top-0 left-0" data-testid="productTileImage" alt="Apothic Crush Red Wine Blend, California, 750ml Glass Bottle"/></div><div class="z-2 absolute bottom--1"><div class="relative dib" data-id="149767860"><button class="w_hhLG w_8nsR w_jDfj pointer bn sans-serif b ph2 flex items-center justify-center w-auto shadow-1" type="button" data-pcss-hide="true" data-automation-id="add-to-cart" aria-label="Add to cart - Apothic Crush Red Wine Blend, California, 750ml Glass Bottle"><i class="ld ld-Plus" style="font-size:1.5rem;vertical-align:-0.25em;width:1.5rem;height:1.5rem;box-sizing:content-box" title="add to cart"></i><span class="mr2">Add</span></button></div></div></div><div class="mt5 mb0" style="height:24px" data-testid="variant-149767860"></div><div data-automation-id="product-price" class="flex flex-wrap justify-start items-center lh-title mb1-m"><div class="mr1 mr2-xl b black lh-copy f5 f4-l" aria-hidden="true">$9.98</div><span class="w_iUH7">current price $9.98</span><div class="gray mr1 f7 f6-l">39.4 ¢/fl oz</div></div><span class=""><span class="w_V_DM" style="-webkit-line-clamp:3;padding-bottom:0em;margin-bottom:-0em"><span data-automation-id="product-title" class="normal dark-gray mb0 mt1 lh-title f6 f5-l">Apothic Crush Red Wine Blend, California, 750ml Glass Bottle</span></span></span><div class="flex items-center mt2"><span class="black inline-flex mr1" data-testid="product-ratings" data-value="4.5"><i class="ld ld-StarFill" style="font-size:12px;vertical-align:-0.175em;width:12px;height:12px;box-sizing:content-box" aria-hidden="true"></i><i class="ld ld-StarFill" style="font-size:12px;vertical-align:-0.175em;width:12px;height:12px;box-sizing:content-box" aria-hidden="true"></i><i class="ld ld-StarFill" style="font-size:12px;vertical-align:-0.175em;width:12px;height:12px;box-sizing:content-box" aria-hidden="true"></i><i class="ld ld-StarFill" style="font-size:12px;vertical-align:-0.175em;width:12px;height:12px;box-sizing:content-box" aria-hidden="true"></i><i class="ld ld-StarHalf" style="font-size:12px;vertical-align:-0.175em;width:12px;height:12px;box-sizing:content-box" aria-hidden="true"></i></span><span class="sans-serif gray f7" aria-hidden="true" data-testid="product-reviews" data-value="406">406</span><span class="w_iUH7">4.5 out of 5 Stars. 406 reviews</span></div><div></div><div class="mb2 mt2"><span class="w_iUH7">Available for Pickup or Delivery</span><span class="w_VbBP w_mFV6 w_I_19 w_3oNC w_AAn7 mr1 mt1 ph1" aria-hidden="true">Pickup</span><span class="w_VbBP w_mFV6 w_I_19 w_3oNC w_AAn7 mr1 mt1 ph1" aria-hidden="true">Delivery</span></div></div></li><li class="flex flex-column items-center pa1 pr2 pb2" data-slide="3"><div role="group" data-item-id="270088137" class="sans-serif mid-gray relative flex flex-column w-100 h-100 hide-child-opacity" data-testid="product-tile-3" aria-label="Product"><a link-identifier="270088137" class="absolute w-100 h-100 z-1 hide-sibling-opacity" target="" href="/ip/19-Crimes-Snoop-Dogg-Cali-Red-California-Red-Wine-750ml-Bottle-14-1-ABV/270088137?athcpid=270088137&amp;athpgid=AthenaContentPage_8604954&amp;athcgid=null&amp;athznid=ItemCarousel_1b50db53-f315-4110-8d8a-52c8e951058a_items&amp;athieid=v0&amp;athstid=CS020&amp;athguid=fZ0TNvxS86RnhOIMqZXwWGGGu40sBHjwnBkn&amp;athancid=null&amp;athena=true&amp;athbdg=L1600"><span class="w_iUH7"><h3>19 Crimes Snoop Dogg Cali Red California Red Wine, 750ml Bottle, 14.1% ABV</h3></span></a><div class="h2 relative mv2"><span class="w_VbBP w_mFV6 w_awtt w_3oNC w_3H8O tag-leading-badge absolute">Best seller</span></div><div class="relative"><div class="relative overflow-hidden" style="max-width:226px;height:0;padding-bottom:min(226px, 100%);align-self:center;width:min(226px, 100%)"><img loading="lazy" srcset="https://i5.walmartimages.com/asr/1683270d-fc3d-43dd-9e68-f2046e913cdf.024f2ab03708ed5dee8b87ae93c2eb86.jpeg?odnHeight=226&amp;odnWidth=226&amp;odnBg=FFFFFF 1x, https://i5.walmartimages.com/asr/1683270d-fc3d-43dd-9e68-f2046e913cdf.024f2ab03708ed5dee8b87ae93c2eb86.jpeg?odnHeight=576&amp;odnWidth=576&amp;odnBg=FFFFFF 2x" src="https://i5.walmartimages.com/asr/1683270d-fc3d-43dd-9e68-f2046e913cdf.024f2ab03708ed5dee8b87ae93c2eb86.jpeg?odnHeight=576&amp;odnWidth=576&amp;odnBg=FFFFFF" width="" height="" class="absolute top-0 left-0" data-testid="productTileImage" alt="19 Crimes Snoop Dogg Cali Red California Red Wine, 750ml Bottle, 14.1% ABV"/></div><div class="z-2 absolute bottom--1"><div class="relative dib" data-id="270088137"><button class="w_hhLG w_8nsR w_jDfj pointer bn sans-serif b ph2 flex items-center justify-center w-auto shadow-1" type="button" data-pcss-hide="true" data-automation-id="add-to-cart" aria-label="Add to cart - 19 Crimes Snoop Dogg Cali Red California Red Wine, 750ml Bottle, 14.1% ABV"><i class="ld ld-Plus" style="font-size:1.5rem;vertical-align:-0.25em;width:1.5rem;height:1.5rem;box-sizing:content-box" title="add to cart"></i><span class="mr2">Add</span></button></div></div></div><div class="mt5 mb0" style="height:24px" data-testid="variant-270088137"></div><div data-automation-id="product-price" class="flex flex-wrap justify-start items-center lh-title mb1-m"><div class="mr1 mr2-xl b black lh-copy f5 f4-l" aria-hidden="true">$11.98</div><span class="w_iUH7">current price $11.98</span><div class="gray mr1 f7 f6-l">47.2 ¢/fl oz</div></div><span class=""><span class="w_V_DM" style="-webkit-line-clamp:3;padding-bottom:0em;margin-bottom:-0em"><span data-automation-id="product-title" class="normal dark-gray mb0 mt1 lh-title f6 f5-l">19 Crimes Snoop Dogg Cali Red California Red Wine, 750ml Bottle, 14.1% ABV</span></span></span><div class="flex items-center mt2"><span class="black inline-flex mr1" data-testid="product-ratings" data-value="4.7"><i class="ld ld-StarFill" style="font-size:12px;vertical-align:-0.175em;width:12px;height:12px;box-sizing:content-box" aria-hidden="true"></i><i class="ld ld-StarFill" style="font-size:12px;vertical-align:-0.175em;width:12px;height:12px;box-sizing:content-box" aria-hidden="true"></i><i class="ld ld-StarFill" style="font-size:12px;vertical-align:-0.175em;width:12px;height:12px;box-sizing:content-box" aria-hidden="true"></i><i class="ld ld-StarFill" style="font-size:12px;vertical-align:-0.175em;width:12px;height:12px;box-sizing:content-box" aria-hidden="true"></i><i class="ld ld-StarHalf" style="font-size:12px;vertical-align:-0.175em;width:12px;height:12px;box-sizing:content-box" aria-hidden="true"></i></span><span class="sans-serif gray f7" aria-hidden="true" data-testid="product-reviews" data-value="25">25</span><span class="w_iUH7">4.7 out of 5 Stars. 25 reviews</span></div><div></div><div class="mb2 mt2"><span class="w_iUH7">Available for Pickup or Delivery</span><span class="w_VbBP w_mFV6 w_I_19 w_3oNC w_AAn7 mr1 mt1 ph1" aria-hidden="true">Pickup</span><span class="w_VbBP w_mFV6 w_I_19 w_3oNC w_AAn7 mr1 mt1 ph1" aria-hidden="true">Delivery</span></div></div></li><li class="flex flex-column items-center pa1 pr2 pb2" data-slide="4"><div role="group" data-item-id="187135168" class="sans-serif mid-gray relative flex flex-column w-100 h-100 hide-child-opacity" data-testid="product-tile-4" aria-label="Product"><a link-identifier="187135168" class="absolute w-100 h-100 z-1 hide-sibling-opacity" target="" href="/ip/19-Crimes-Red-Wine-Australia-14-ABV-750ml-Glass-Bottle-5-150ml-Servings/187135168?athcpid=187135168&amp;athpgid=AthenaContentPage_8604954&amp;athcgid=null&amp;athznid=ItemCarousel_1b50db53-f315-4110-8d8a-52c8e951058a_items&amp;athieid=v0&amp;athstid=CS020&amp;athguid=fZ0TNvxS86RnhOIMqZXwWGGGu40sBHjwnBkn&amp;athancid=null&amp;athena=true&amp;athbdg=L1600"><span class="w_iUH7"><h3>19 Crimes Red Wine, Australia, 14% ABV, 750ml Glass Bottle, 5-150ml Servings</h3></span></a><div class="h2 relative mv2"><span class="w_VbBP w_mFV6 w_awtt w_3oNC w_3H8O tag-leading-badge absolute">Best seller</span></div><div class="relative"><div class="relative overflow-hidden" style="max-width:226px;height:0;padding-bottom:min(226px, 100%);align-self:center;width:min(226px, 100%)"><img loading="lazy" srcset="https://i5.walmartimages.com/asr/fce16a50-1867-4289-b589-d4ccfa158ac5.2d6cbb60e11817329b483eeb94526269.jpeg?odnHeight=226&amp;odnWidth=226&amp;odnBg=FFFFFF 1x, https://i5.walmartimages.com/asr/fce16a50-1867-4289-b589-d4ccfa158ac5.2d6cbb60e11817329b483eeb94526269.jpeg?odnHeight=576&amp;odnWidth=576&amp;odnBg=FFFFFF 2x" src="https://i5.walmartimages.com/asr/fce16a50-1867-4289-b589-d4ccfa158ac5.2d6cbb60e11817329b483eeb94526269.jpeg?odnHeight=576&amp;odnWidth=576&amp;odnBg=FFFFFF" width="" height="" class="absolute top-0 left-0" data-testid="productTileImage" alt="19 Crimes Red Wine, Australia, 14% ABV, 750ml Glass Bottle, 5-150ml Servings"/></div><div class="z-2 absolute bottom--1"><div class="relative dib" data-id="187135168"><button class="w_hhLG w_8nsR w_jDfj pointer bn sans-serif b ph2 flex items-center justify-center w-auto shadow-1" type="button" data-pcss-hide="true" data-automation-id="add-to-cart" aria-label="Add to cart - 19 Crimes Red Wine, Australia, 14% ABV, 750ml Glass Bottle, 5-150ml Servings"><i class="ld ld-Plus" style="font-size:1.5rem;vertical-align:-0.25em;width:1.5rem;height:1.5rem;box-sizing:content-box" title="add to cart"></i><span class="mr2">Add</span></button></div></div></div><div class="mt5 mb0" style="height:24px" data-testid="variant-187135168"></div><div data-automation-id="product-price" class="flex flex-wrap justify-start items-center lh-title mb1-m"><div class="mr1 mr2-xl b black lh-copy f5 f4-l" aria-hidden="true">$8.98</div><span class="w_iUH7">current price $8.98</span><div class="gray mr1 f7 f6-l">35.4 ¢/fl oz</div></div><span class=""><span class="w_V_DM" style="-webkit-line-clamp:3;padding-bottom:0em;margin-bottom:-0em"><span data-automation-id="product-title" class="normal dark-gray mb0 mt1 lh-title f6 f5-l">19 Crimes Red Wine, Australia, 14% ABV, 750ml Glass Bottle, 5-150ml Servings</span></span></span><div class="flex items-center mt2"><span class="black inline-flex mr1" data-testid="product-ratings" data-value="4.8"><i class="ld ld-StarFill" style="font-size:12px;vertical-align:-0.175em;width:12px;height:12px;box-sizing:content-box" aria-hidden="true"></i><i class="ld ld-StarFill" style="font-size:12px;vertical-align:-0.175em;width:12px;height:12px;box-sizing:content-box" aria-hidden="true"></i><i class="ld ld-StarFill" style="font-size:12px;vertical-align:-0.175em;width:12px;height:12px;box-sizing:content-box" aria-hidden="true"></i><i class="ld ld-StarFill" style="font-size:12px;vertical-align:-0.175em;width:12px;height:12px;box-sizing:content-box" aria-hidden="true"></i><i class="ld ld-StarFill" style="font-size:12px;vertical-align:-0.175em;width:12px;height:12px;box-sizing:content-box" aria-hidden="true"></i></span><span class="sans-serif gray f7" aria-hidden="true" data-testid="product-reviews" data-value="42">42</span><span class="w_iUH7">4.8 out of 5 Stars. 42 reviews</span></div><div></div><div class="mb2 mt2"><span class="w_iUH7">Available for Pickup or Delivery</span><span class="w_VbBP w_mFV6 w_I_19 w_3oNC w_AAn7 mr1 mt1 ph1" aria-hidden="true">Pickup</span><span class="w_VbBP w_mFV6 w_I_19 w_3oNC w_AAn7 mr1 mt1 ph1" aria-hidden="true">Delivery</span></div></div></li><li class="flex flex-column items-center pa1 pr2 pb2" data-slide="5"><div role="group" data-item-id="54333753" class="sans-serif mid-gray relative flex flex-column w-100 h-100 hide-child-opacity" data-testid="product-tile-5" aria-label="Product"><a link-identifier="54333753" class="absolute w-100 h-100 z-1 hide-sibling-opacity" target="" href="/ip/Oak-Leaf-Vineyards-Red-Blend-Wine-750-ml-Glass-ABV-9-00/54333753?athcpid=54333753&amp;athpgid=AthenaContentPage_8604954&amp;athcgid=null&amp;athznid=ItemCarousel_1b50db53-f315-4110-8d8a-52c8e951058a_items&amp;athieid=v0&amp;athstid=CS020&amp;athguid=fZ0TNvxS86RnhOIMqZXwWGGGu40sBHjwnBkn&amp;athancid=null&amp;athena=true&amp;athbdg=L1600"><span class="w_iUH7"><h3>Oak Leaf Vineyards Red Blend Wine, 750 ml Glass, ABV 9.00%</h3></span></a><div class="h2 relative mv2"><span class="w_VbBP w_mFV6 w_awtt w_3oNC w_3H8O tag-leading-badge absolute">Best seller</span></div><div class="relative"><div class="relative overflow-hidden" style="max-width:226px;height:0;padding-bottom:min(226px, 100%);align-self:center;width:min(226px, 100%)"><img loading="lazy" srcset="https://i5.walmartimages.com/asr/90195e9f-cce2-4bf2-8af9-12683d1df8a7.7a9cdc66ffe06d66a9dc38709ddc6351.jpeg?odnHeight=226&amp;odnWidth=226&amp;odnBg=FFFFFF 1x, https://i5.walmartimages.com/asr/90195e9f-cce2-4bf2-8af9-12683d1df8a7.7a9cdc66ffe06d66a9dc38709ddc6351.jpeg?odnHeight=576&amp;odnWidth=576&amp;odnBg=FFFFFF 2x" src="https://i5.walmartimages.com/asr/90195e9f-cce2-4bf2-8af9-12683d1df8a7.7a9cdc66ffe06d66a9dc38709ddc6351.jpeg?odnHeight=576&amp;odnWidth=576&amp;odnBg=FFFFFF" width="" height="" class="absolute top-0 left-0" data-testid="productTileImage" alt="Oak Leaf Vineyards Red Blend Wine, 750 ml Glass, ABV 9.00%"/></div><div class="z-2 absolute bottom--1"><div class="relative dib" data-id="54333753"><button class="w_hhLG w_8nsR w_jDfj pointer bn sans-serif b ph2 flex items-center justify-center w-auto shadow-1" type="button" data-pcss-hide="true" data-automation-id="add-to-cart" aria-label="Add to cart - Oak Leaf Vineyards Red Blend Wine, 750 ml Glass, ABV 9.00%"><i class="ld ld-Plus" style="font-size:1.5rem;vertical-align:-0.25em;width:1.5rem;height:1.5rem;box-sizing:content-box" title="add to cart"></i><span class="mr2">Add</span></button></div></div></div><div class="mt5 mb0" style="height:24px" data-testid="variant-54333753"></div><div data-automation-id="product-price" class="flex flex-wrap justify-start items-center lh-title mb1-m"><div class="mr1 mr2-xl b black lh-copy f5 f4-l" aria-hidden="true">$3.46</div><span class="w_iUH7">current price $3.46</span><div class="gray mr1 f7 f6-l">13.6 ¢/oz</div></div><span class=""><span class="w_V_DM" style="-webkit-line-clamp:3;padding-bottom:0em;margin-bottom:-0em"><span data-automation-id="product-title" class="normal dark-gray mb0 mt1 lh-title f6 f5-l">Oak Leaf Vineyards Red Blend Wine, 750 ml Glass, ABV 9.00%</span></span></span><div class="flex items-center mt2"><span class="black inline-flex mr1" data-testid="product-ratings" data-value="4.9"><i class="ld ld-StarFill" style="font-size:12px;vertical-align:-0.175em;width:12px;height:12px;box-sizing:content-box" aria-hidden="true"></i><i class="ld ld-StarFill" style="font-size:12px;vertical-align:-0.175em;width:12px;height:12px;box-sizing:content-box" aria-hidden="true"></i><i class="ld ld-StarFill" style="font-size:12px;vertical-align:-0.175em;width:12px;height:12px;box-sizing:content-box" aria-hidden="true"></i><i class="ld ld-StarFill" style="font-size:12px;vertical-align:-0.175em;width:12px;height:12px;box-sizing:content-box" aria-hidden="true"></i><i class="ld ld-StarFill" style="font-size:12px;vertical-align:-0.175em;width:12px;height:12px;box-sizing:content-box" aria-hidden="true"></i></span><span class="sans-serif gray f7" aria-hidden="true" data-testid="product-reviews" data-value="14">14</span><span class="w_iUH7">4.9 out of 5 Stars. 14 reviews</span></div><div></div><div class="mb2 mt2"><span class="w_iUH7">Available for Pickup or Delivery</span><span class="w_VbBP w_mFV6 w_I_19 w_3oNC w_AAn7 mr1 mt1 ph1" aria-hidden="true">Pickup</span><span class="w_VbBP w_mFV6 w_I_19 w_3oNC w_AAn7 mr1 mt1 ph1" aria-hidden="true">Delivery</span></div></div></li><li class="flex flex-column items-center pa1 pr2 pb2" data-slide="6"><div role="group" data-item-id="156234333" class="sans-serif mid-gray relative flex flex-column w-100 h-100 hide-child-opacity" data-testid="product-tile-6" aria-label="Product"><a link-identifier="156234333" class="absolute w-100 h-100 z-1 hide-sibling-opacity" target="" href="/ip/Josh-Cellars-California-Pinot-Noir-Red-Wine-750-ml/156234333?athcpid=156234333&amp;athpgid=AthenaContentPage_8604954&amp;athcgid=null&amp;athznid=ItemCarousel_1b50db53-f315-4110-8d8a-52c8e951058a_items&amp;athieid=v0&amp;athstid=CS020&amp;athguid=fZ0TNvxS86RnhOIMqZXwWGGGu40sBHjwnBkn&amp;athancid=null&amp;athena=true&amp;athbdg=L1600"><span class="w_iUH7"><h3>Josh Cellars California Pinot Noir Red Wine, 750 ml</h3></span></a><div class="h2 relative mv2"><span class="w_VbBP w_mFV6 w_awtt w_3oNC w_3H8O tag-leading-badge absolute">Best seller</span></div><div class="relative"><div class="relative overflow-hidden" style="max-width:226px;height:0;padding-bottom:min(226px, 100%);align-self:center;width:min(226px, 100%)"><img loading="lazy" srcset="https://i5.walmartimages.com/asr/3fc0d0ad-6f9d-47e5-9eab-477d389b38c4.b42c1b0b73ef88653bb3070755270546.jpeg?odnHeight=226&amp;odnWidth=226&amp;odnBg=FFFFFF 1x, https://i5.walmartimages.com/asr/3fc0d0ad-6f9d-47e5-9eab-477d389b38c4.b42c1b0b73ef88653bb3070755270546.jpeg?odnHeight=576&amp;odnWidth=576&amp;odnBg=FFFFFF 2x" src="https://i5.walmartimages.com/asr/3fc0d0ad-6f9d-47e5-9eab-477d389b38c4.b42c1b0b73ef88653bb3070755270546.jpeg?odnHeight=576&amp;odnWidth=576&amp;odnBg=FFFFFF" width="" height="" class="absolute top-0 left-0" data-testid="productTileImage" alt="Josh Cellars California Pinot Noir Red Wine, 750 ml"/></div><div class="z-2 absolute bottom--1"><div class="relative dib" data-id="156234333"><button class="w_hhLG w_8nsR w_jDfj pointer bn sans-serif b ph2 flex items-center justify-center w-auto shadow-1" type="button" data-pcss-hide="true" data-automation-id="add-to-cart" aria-label="Add to cart - Josh Cellars California Pinot Noir Red Wine, 750 ml"><i class="ld ld-Plus" style="font-size:1.5rem;vertical-align:-0.25em;width:1.5rem;height:1.5rem;box-sizing:content-box" title="add to cart"></i><span class="mr2">Add</span></button></div></div></div><div class="mt5 mb0" style="height:24px" data-testid="variant-156234333"></div><div data-automation-id="product-price" class="flex flex-wrap justify-start items-center lh-title mb1-m"><div class="mr1 mr2-xl b black lh-copy f5 f4-l" aria-hidden="true">$15.27</div><span class="w_iUH7">current price $15.27</span><div class="gray mr1 f7 f6-l">60.1 ¢/fl oz</div></div><span class=""><span class="w_V_DM" style="-webkit-line-clamp:3;padding-bottom:0em;margin-bottom:-0em"><span data-automation-id="product-title" class="normal dark-gray mb0 mt1 lh-title f6 f5-l">Josh Cellars California Pinot Noir Red Wine, 750 ml</span></span></span><div class="flex items-center mt2"><span class="black inline-flex mr1" data-testid="product-ratings" data-value="4.4"><i class="ld ld-StarFill" style="font-size:12px;vertical-align:-0.175em;width:12px;height:12px;box-sizing:content-box" aria-hidden="true"></i><i class="ld ld-StarFill" style="font-size:12px;vertical-align:-0.175em;width:12px;height:12px;box-sizing:content-box" aria-hidden="true"></i><i class="ld ld-StarFill" style="font-size:12px;vertical-align:-0.175em;width:12px;height:12px;box-sizing:content-box" aria-hidden="true"></i><i class="ld ld-StarFill" style="font-size:12px;vertical-align:-0.175em;width:12px;height:12px;box-sizing:content-box" aria-hidden="true"></i><i class="ld ld-StarHalf" style="font-size:12px;vertical-align:-0.175em;width:12px;height:12px;box-sizing:content-box" aria-hidden="true"></i></span><span class="sans-serif gray f7" aria-hidden="true" data-testid="product-reviews" data-value="23">23</span><span class="w_iUH7">4.4 out of 5 Stars. 23 reviews</span></div><div></div><div class="mb2 mt2"><span class="w_iUH7">Available for Pickup or Delivery</span><span class="w_VbBP w_mFV6 w_I_19 w_3oNC w_AAn7 mr1 mt1 ph1" aria-hidden="true">Pickup</span><span class="w_VbBP w_mFV6 w_I_19 w_3oNC w_AAn7 mr1 mt1 ph1" aria-hidden="true">Delivery</span></div></div></li><li class="flex flex-column items-center pa1 pr2 pb2" data-slide="7"><div role="group" data-item-id="206112457" class="sans-serif mid-gray relative flex flex-column w-100 h-100 hide-child-opacity" data-testid="product-tile-7" aria-label="Product"><a link-identifier="206112457" class="absolute w-100 h-100 z-1 hide-sibling-opacity" target="" href="/ip/Winemakers-Selection-Red-Blend-Red-Wine-2018-750-ml/206112457?athcpid=206112457&amp;athpgid=AthenaContentPage_8604954&amp;athcgid=null&amp;athznid=ItemCarousel_1b50db53-f315-4110-8d8a-52c8e951058a_items&amp;athieid=v0&amp;athstid=CS020&amp;athguid=fZ0TNvxS86RnhOIMqZXwWGGGu40sBHjwnBkn&amp;athancid=null&amp;athena=true"><span class="w_iUH7"><h3>Winemakers Selection Red Blend Red Wine, 2018, 750 ml</h3></span></a><div class="h2 relative mv2"></div><div class="relative"><div class="relative overflow-hidden" style="max-width:226px;height:0;padding-bottom:min(226px, 100%);align-self:center;width:min(226px, 100%)"><img loading="lazy" srcset="https://i5.walmartimages.com/asr/f59256af-e884-4c1f-9471-b087b2499797.baf89ef5f7f898ba59efaca27e0a9140.jpeg?odnHeight=226&amp;odnWidth=226&amp;odnBg=FFFFFF 1x, https://i5.walmartimages.com/asr/f59256af-e884-4c1f-9471-b087b2499797.baf89ef5f7f898ba59efaca27e0a9140.jpeg?odnHeight=576&amp;odnWidth=576&amp;odnBg=FFFFFF 2x" src="https://i5.walmartimages.com/asr/f59256af-e884-4c1f-9471-b087b2499797.baf89ef5f7f898ba59efaca27e0a9140.jpeg?odnHeight=576&amp;odnWidth=576&amp;odnBg=FFFFFF" width="" height="" class="absolute top-0 left-0" data-testid="productTileImage" alt="Winemakers Selection Red Blend Red Wine, 2018, 750 ml"/></div><div class="z-2 absolute bottom--1"><div class="relative dib" data-id="206112457"><button class="w_hhLG w_8nsR w_jDfj pointer bn sans-serif b ph2 flex items-center justify-center w-auto shadow-1" type="button" data-pcss-hide="true" data-automation-id="add-to-cart" aria-label="Add to cart - Winemakers Selection Red Blend Red Wine, 2018, 750 ml"><i class="ld ld-Plus" style="font-size:1.5rem;vertical-align:-0.25em;width:1.5rem;height:1.5rem;box-sizing:content-box" title="add to cart"></i><span class="mr2">Add</span></button></div></div></div><div class="mt5 mb0" style="height:24px" data-testid="variant-206112457"></div><div data-automation-id="product-price" class="flex flex-wrap justify-start items-center lh-title mb1-m"><div class="mr1 mr2-xl b black lh-copy f5 f4-l" aria-hidden="true">$4.96</div><span class="w_iUH7">current price $4.96</span><div class="gray mr1 f7 f6-l">0.7 ¢/mililiters</div></div><span class=""><span class="w_V_DM" style="-webkit-line-clamp:3;padding-bottom:0em;margin-bottom:-0em"><span data-automation-id="product-title" class="normal dark-gray mb0 mt1 lh-title f6 f5-l">Winemakers Selection Red Blend Red Wine, 2018, 750 ml</span></span></span><div class="flex items-center mt2"><span class="black inline-flex mr1" data-testid="product-ratings" data-value="3.6"><i class="ld ld-StarFill" style="font-size:12px;vertical-align:-0.175em;width:12px;height:12px;box-sizing:content-box" aria-hidden="true"></i><i class="ld ld-StarFill" style="font-size:12px;vertical-align:-0.175em;width:12px;height:12px;box-sizing:content-box" aria-hidden="true"></i><i class="ld ld-StarFill" style="font-size:12px;vertical-align:-0.175em;width:12px;height:12px;box-sizing:content-box" aria-hidden="true"></i><i class="ld ld-StarHalf" style="font-size:12px;vertical-align:-0.175em;width:12px;height:12px;box-sizing:content-box" aria-hidden="true"></i><i class="ld ld-Star" style="font-size:12px;vertical-align:-0.175em;width:12px;height:12px;box-sizing:content-box" aria-hidden="true"></i></span><span class="sans-serif gray f7" aria-hidden="true" data-testid="product-reviews" data-value="11">11</span><span class="w_iUH7">3.6 out of 5 Stars. 11 reviews</span></div><div></div><div class="mb2 mt2"><span class="w_iUH7">Available for Pickup or Delivery</span><span class="w_VbBP w_mFV6 w_I_19 w_3oNC w_AAn7 mr1 mt1 ph1" aria-hidden="true">Pickup</span><span class="w_VbBP w_mFV6 w_I_19 w_3oNC w_AAn7 mr1 mt1 ph1" aria-hidden="true">Delivery</span></div></div></li><li class="flex flex-column items-center pa1 pr2 pb2" data-slide="8"><div role="group" data-item-id="14053301" class="sans-serif mid-gray relative flex flex-column w-100 h-100 hide-child-opacity" data-testid="product-tile-8" aria-label="Product"><a link-identifier="14053301" class="absolute w-100 h-100 z-1 hide-sibling-opacity" target="" href="/ip/Menage-a-Trois-California-Red-Blend-Red-Wine-750-ml-Bottle/14053301?athcpid=14053301&amp;athpgid=AthenaContentPage_8604954&amp;athcgid=null&amp;athznid=ItemCarousel_1b50db53-f315-4110-8d8a-52c8e951058a_items&amp;athieid=v0&amp;athstid=CS020&amp;athguid=fZ0TNvxS86RnhOIMqZXwWGGGu40sBHjwnBkn&amp;athancid=null&amp;athena=true&amp;athbdg=L1600"><span class="w_iUH7"><h3>Menage a Trois California Red Blend Red Wine, 750 ml Bottle</h3></span></a><div class="h2 relative mv2"><span class="w_VbBP w_mFV6 w_awtt w_3oNC w_3H8O tag-leading-badge absolute">Best seller</span></div><div class="relative"><div class="relative overflow-hidden" style="max-width:226px;height:0;padding-bottom:min(226px, 100%);align-self:center;width:min(226px, 100%)"><img loading="lazy" srcset="https://i5.walmartimages.com/asr/8f866992-e6c3-4b71-8960-e45ac4527283.631b48aafd51213c708d5d98f600b6c2.jpeg?odnHeight=226&amp;odnWidth=226&amp;odnBg=FFFFFF 1x, https://i5.walmartimages.com/asr/8f866992-e6c3-4b71-8960-e45ac4527283.631b48aafd51213c708d5d98f600b6c2.jpeg?odnHeight=576&amp;odnWidth=576&amp;odnBg=FFFFFF 2x" src="https://i5.walmartimages.com/asr/8f866992-e6c3-4b71-8960-e45ac4527283.631b48aafd51213c708d5d98f600b6c2.jpeg?odnHeight=576&amp;odnWidth=576&amp;odnBg=FFFFFF" width="" height="" class="absolute top-0 left-0" data-testid="productTileImage" alt="Menage a Trois California Red Blend Red Wine, 750 ml Bottle"/></div><div class="z-2 absolute bottom--1"><div class="relative dib" data-id="14053301"><button class="w_hhLG w_8nsR w_jDfj pointer bn sans-serif b ph2 flex items-center justify-center w-auto shadow-1" type="button" data-pcss-hide="true" data-automation-id="add-to-cart" aria-label="Add to cart - Menage a Trois California Red Blend Red Wine, 750 ml Bottle"><i class="ld ld-Plus" style="font-size:1.5rem;vertical-align:-0.25em;width:1.5rem;height:1.5rem;box-sizing:content-box" title="add to cart"></i><span class="mr2">Add</span></button></div></div></div><div class="mt5 mb0" style="height:24px" data-testid="variant-14053301"></div><div data-automation-id="product-price" class="flex flex-wrap justify-start items-center lh-title mb1-m"><div class="mr1 mr2-xl b black lh-copy f5 f4-l" aria-hidden="true">$8.98</div><span class="w_iUH7">current price $8.98</span><div class="gray mr1 f7 f6-l">35.4 ¢/fl oz</div></div><span class=""><span class="w_V_DM" style="-webkit-line-clamp:3;padding-bottom:0em;margin-bottom:-0em"><span data-automation-id="product-title" class="normal dark-gray mb0 mt1 lh-title f6 f5-l">Menage a Trois California Red Blend Red Wine, 750 ml Bottle</span></span></span><div class="flex items-center mt2"><span class="black inline-flex mr1" data-testid="product-ratings" data-value="4.6"><i class="ld ld-StarFill" style="font-size:12px;vertical-align:-0.175em;width:12px;height:12px;box-sizing:content-box" aria-hidden="true"></i><i class="ld ld-StarFill" style="font-size:12px;vertical-align:-0.175em;width:12px;height:12px;box-sizing:content-box" aria-hidden="true"></i><i class="ld ld-StarFill" style="font-size:12px;vertical-align:-0.175em;width:12px;height:12px;box-sizing:content-box" aria-hidden="true"></i><i class="ld ld-StarFill" style="font-size:12px;vertical-align:-0.175em;width:12px;height:12px;box-sizing:content-box" aria-hidden="true"></i><i class="ld ld-StarHalf" style="font-size:12px;vertical-align:-0.175em;width:12px;height:12px;box-sizing:content-box" aria-hidden="true"></i></span><span class="sans-serif gray f7" aria-hidden="true" data-testid="product-reviews" data-value="140">140</span><span class="w_iUH7">4.6 out of 5 Stars. 140 reviews</span></div><div></div><div class="mb2 mt2"><span class="w_iUH7">Available for Pickup or Delivery</span><span class="w_VbBP w_mFV6 w_I_19 w_3oNC w_AAn7 mr1 mt1 ph1" aria-hidden="true">Pickup</span><span class="w_VbBP w_mFV6 w_I_19 w_3oNC w_AAn7 mr1 mt1 ph1" aria-hidden="true">Delivery</span></div></div></li><li class="flex flex-column items-center pa1 pr2 pb2" data-slide="9"><div role="group" data-item-id="195593862" class="sans-serif mid-gray relative flex flex-column w-100 h-100 hide-child-opacity" data-testid="product-tile-9" aria-label="Product"><a link-identifier="195593862" class="absolute w-100 h-100 z-1 hide-sibling-opacity" target="" href="/ip/14-Hands-Columbia-Valley-Hot-to-Trot-Red-Blend-Wine-750-ml-Bottle-14-5-ABV/195593862?athcpid=195593862&amp;athpgid=AthenaContentPage_8604954&amp;athcgid=null&amp;athznid=ItemCarousel_1b50db53-f315-4110-8d8a-52c8e951058a_items&amp;athieid=v0&amp;athstid=CS020&amp;athguid=fZ0TNvxS86RnhOIMqZXwWGGGu40sBHjwnBkn&amp;athancid=null&amp;athena=true"><span class="w_iUH7"><h3>14 Hands Columbia Valley Hot to Trot Red Blend Wine, 750 ml Bottle, 14.5% ABV</h3></span></a><div class="h2 relative mv2"></div><div class="relative"><div class="relative overflow-hidden" style="max-width:226px;height:0;padding-bottom:min(226px, 100%);align-self:center;width:min(226px, 100%)"><img loading="lazy" srcset="https://i5.walmartimages.com/asr/d3bc20d1-cc75-4b2a-abf2-73e5ce134e27.7fe1dc0cd4d7018b6e5a226a0d416daf.jpeg?odnHeight=226&amp;odnWidth=226&amp;odnBg=FFFFFF 1x, https://i5.walmartimages.com/asr/d3bc20d1-cc75-4b2a-abf2-73e5ce134e27.7fe1dc0cd4d7018b6e5a226a0d416daf.jpeg?odnHeight=576&amp;odnWidth=576&amp;odnBg=FFFFFF 2x" src="https://i5.walmartimages.com/asr/d3bc20d1-cc75-4b2a-abf2-73e5ce134e27.7fe1dc0cd4d7018b6e5a226a0d416daf.jpeg?odnHeight=576&amp;odnWidth=576&amp;odnBg=FFFFFF" width="" height="" class="absolute top-0 left-0" data-testid="productTileImage" alt="14 Hands Columbia Valley Hot to Trot Red Blend Wine, 750 ml Bottle, 14.5% ABV"/></div><div class="z-2 absolute bottom--1"><div class="relative dib" data-id="195593862"><button class="w_hhLG w_8nsR w_jDfj pointer bn sans-serif b ph2 flex items-center justify-center w-auto shadow-1" type="button" data-pcss-hide="true" data-automation-id="add-to-cart" aria-label="Add to cart - 14 Hands Columbia Valley Hot to Trot Red Blend Wine, 750 ml Bottle, 14.5% ABV"><i class="ld ld-Plus" style="font-size:1.5rem;vertical-align:-0.25em;width:1.5rem;height:1.5rem;box-sizing:content-box" title="add to cart"></i><span class="mr2">Add</span></button></div></div></div><div class="mt5 mb0" style="height:24px" data-testid="variant-195593862"></div><div data-automation-id="product-price" class="flex flex-wrap justify-start items-center lh-title mb1-m"><div class="mr1 mr2-xl b black lh-copy f5 f4-l" aria-hidden="true">$8.98</div><span class="w_iUH7">current price $8.98</span><div class="gray mr1 f7 f6-l">35.5 ¢/fl oz</div></div><span class=""><span class="w_V_DM" style="-webkit-line-clamp:3;padding-bottom:0em;margin-bottom:-0em"><span data-automation-id="product-title" class="normal dark-gray mb0 mt1 lh-title f6 f5-l">14 Hands Columbia Valley Hot to Trot Red Blend Wine, 750 ml Bottle, 14.5% ABV</span></span></span><div class="flex items-center mt2"><span class="black inline-flex mr1" data-testid="product-ratings" data-value="4.8"><i class="ld ld-StarFill" style="font-size:12px;vertical-align:-0.175em;width:12px;height:12px;box-sizing:content-box" aria-hidden="true"></i><i class="ld ld-StarFill" style="font-size:12px;vertical-align:-0.175em;width:12px;height:12px;box-sizing:content-box" aria-hidden="true"></i><i class="ld ld-StarFill" style="font-size:12px;vertical-align:-0.175em;width:12px;height:12px;box-sizing:content-box" aria-hidden="true"></i><i class="ld ld-StarFill" style="font-size:12px;vertical-align:-0.175em;width:12px;height:12px;box-sizing:content-box" aria-hidden="true"></i><i class="ld ld-StarFill" style="font-size:12px;vertical-align:-0.175em;width:12px;height:12px;box-sizing:content-box" aria-hidden="true"></i></span><span class="sans-serif gray f7" aria-hidden="true" data-testid="product-reviews" data-value="53">53</span><span class="w_iUH7">4.8 out of 5 Stars. 53 reviews</span></div><div></div><div class="mb2 mt2"><span class="w_iUH7">Available for Pickup or Delivery</span><span class="w_VbBP w_mFV6 w_I_19 w_3oNC w_AAn7 mr1 mt1 ph1" aria-hidden="true">Pickup</span><span class="w_VbBP w_mFV6 w_I_19 w_3oNC w_AAn7 mr1 mt1 ph1" aria-hidden="true">Delivery</span></div></div></li></ul><a link-identifier="horizontalScrollerNext" class="absolute dn z-5 bg-white br-100 pa0 pointer db-l br-100 nav-control right-1" aria-label="Next slide for Product Carousel list" data-testid="horizontal-scroller-next" role="button"><i class="ld ld-ChevronRight" style="font-size:1.5rem;vertical-align:-0.25em;padding:12px;width:1.5rem;height:1.5rem;box-sizing:content-box"></i></a></div></section></section></div> <div class="mv3 mv4-xl ml3 ml0-l bb b--near-white"><section><section><header class="flex justify-between mb3 mb2-m pr3 pr4-m pr0-xl items-baseline"><section style="flex:1"><div><div><div class="inline-flex "><h2 class="f4 f3-m lh-title ma0 ">Bold red wines</h2></div></div></div></section><a link-identifier="View all" class="black f6" href="https://www.walmart.com/browse/food/all-red-wine/976759_2975985_8604954_5084212_7480029?povid=976759_itemcarousel_8604954_Boldredwines_Viewall_Rweb_Dec_6">View all</a></header><div class="flex flex-column justify-center relative" data-testid="horizontal-scroller-Product Carousel"><a link-identifier="horizontalScrollerPrevious" class="absolute dn z-5 bg-white br-100 pa0 pointer hidden-child br-100 nav-control left-1" aria-label="Previous slide for Product Carousel list" data-testid="horizontal-scroller-previous" role="button"><i class="ld ld-ChevronLeft" style="font-size:1.5rem;vertical-align:-0.25em;padding:12px;width:1.5rem;height:1.5rem;box-sizing:content-box"></i></a><ul style="display:grid;grid-auto-flow:column;scroll-snap-type:x mandatory;max-height:fit-content" class="list ma0 pl0 overflow-x-scroll hidesb hidesb-wk relative overflow-y-hidden carousel-peek-2 carousel-6-l carousel-3-m pr3-m" data-testid="carousel-container"><li class="flex flex-column items-center pa1 pr2 pb2" data-slide="0"><div role="group" data-item-id="12170313" class="sans-serif mid-gray relative flex flex-column w-100 h-100 hide-child-opacity" data-testid="product-tile-0" aria-label="Product"><a link-identifier="12170313" class="absolute w-100 h-100 z-1 hide-sibling-opacity" target="" href="/ip/Oak-Leaf-Vineyards-Cabernet-Sauvignon-Red-Wine-750-ml-Glass-ABV-13-00-5-5oz-servings-California/12170313?athcpid=12170313&amp;athpgid=AthenaContentPage_8604954&amp;athcgid=null&amp;athznid=ItemCarousel_fd6a43bf-53e9-4db8-b3d6-cf0e9da23edf_items&amp;athieid=v0&amp;athstid=CS020&amp;athguid=fZ0TNvxS86RnhOIMqZXwWGGGu40sBHjwnBkn&amp;athancid=null&amp;athena=true&amp;athbdg=L1600"><span class="w_iUH7"><h3>Oak Leaf Vineyards Cabernet Sauvignon Red Wine, 750 ml Glass, ABV 13.00%, 5- 5oz servings, California</h3></span></a><div class="h2 relative mv2"><span class="w_VbBP w_mFV6 w_awtt w_3oNC w_3H8O tag-leading-badge absolute">Best seller</span></div><div class="relative"><div class="relative overflow-hidden" style="max-width:226px;height:0;padding-bottom:min(226px, 100%);align-self:center;width:min(226px, 100%)"><img loading="lazy" srcset="https://i5.walmartimages.com/asr/0aa90845-9569-4ec4-b986-4a79eb5491f0.d3098dca563c1227e6124de77fab1e8e.jpeg?odnHeight=226&amp;odnWidth=226&amp;odnBg=FFFFFF 1x, https://i5.walmartimages.com/asr/0aa90845-9569-4ec4-b986-4a79eb5491f0.d3098dca563c1227e6124de77fab1e8e.jpeg?odnHeight=576&amp;odnWidth=576&amp;odnBg=FFFFFF 2x" src="https://i5.walmartimages.com/asr/0aa90845-9569-4ec4-b986-4a79eb5491f0.d3098dca563c1227e6124de77fab1e8e.jpeg?odnHeight=576&amp;odnWidth=576&amp;odnBg=FFFFFF" width="" height="" class="absolute top-0 left-0" data-testid="productTileImage" alt="Oak Leaf Vineyards Cabernet Sauvignon Red Wine, 750 ml Glass, ABV 13.00%, 5- 5oz servings, California"/></div><div class="z-2 absolute bottom--1"><div class="relative dib" data-id="12170313"><button class="w_hhLG w_8nsR w_jDfj pointer bn sans-serif b ph2 flex items-center justify-center w-auto shadow-1" type="button" data-pcss-hide="true" data-automation-id="add-to-cart" aria-label="Add to cart - Oak Leaf Vineyards Cabernet Sauvignon Red Wine, 750 ml Glass, ABV 13.00%, 5- 5oz servings, California"><i class="ld ld-Plus" style="font-size:1.5rem;vertical-align:-0.25em;width:1.5rem;height:1.5rem;box-sizing:content-box" title="add to cart"></i><span class="mr2">Add</span></button></div></div></div><div class="mt5 mb0" style="height:24px" data-testid="variant-12170313"></div><div data-automation-id="product-price" class="flex flex-wrap justify-start items-center lh-title mb1-m"><div class="mr1 mr2-xl b black lh-copy f5 f4-l" aria-hidden="true">$3.46</div><span class="w_iUH7">current price $3.46</span><div class="gray mr1 f7 f6-l">13.6 ¢/fl oz</div></div><span class=""><span class="w_V_DM" style="-webkit-line-clamp:3;padding-bottom:0em;margin-bottom:-0em"><span data-automation-id="product-title" class="normal dark-gray mb0 mt1 lh-title f6 f5-l">Oak Leaf Vineyards Cabernet Sauvignon Red Wine, 750 ml Glass, ABV 13.00%, 5- 5oz servings, California</span></span></span><div class="flex items-center mt2"><span class="black inline-flex mr1" data-testid="product-ratings" data-value="4.7"><i class="ld ld-StarFill" style="font-size:12px;vertical-align:-0.175em;width:12px;height:12px;box-sizing:content-box" aria-hidden="true"></i><i class="ld ld-StarFill" style="font-size:12px;vertical-align:-0.175em;width:12px;height:12px;box-sizing:content-box" aria-hidden="true"></i><i class="ld ld-StarFill" style="font-size:12px;vertical-align:-0.175em;width:12px;height:12px;box-sizing:content-box" aria-hidden="true"></i><i class="ld ld-StarFill" style="font-size:12px;vertical-align:-0.175em;width:12px;height:12px;box-sizing:content-box" aria-hidden="true"></i><i class="ld ld-StarHalf" style="font-size:12px;vertical-align:-0.175em;width:12px;height:12px;box-sizing:content-box" aria-hidden="true"></i></span><span class="sans-serif gray f7" aria-hidden="true" data-testid="product-reviews" data-value="10">10</span><span class="w_iUH7">4.7 out of 5 Stars. 10 reviews</span></div><div></div><div class="mb2 mt2"><span class="w_iUH7">Available for Pickup or Delivery</span><span class="w_VbBP w_mFV6 w_I_19 w_3oNC w_AAn7 mr1 mt1 ph1" aria-hidden="true">Pickup</span><span class="w_VbBP w_mFV6 w_I_19 w_3oNC w_AAn7 mr1 mt1 ph1" aria-hidden="true">Delivery</span></div></div></li><li class="flex flex-column items-center pa1 pr2 pb2" data-slide="1"><div role="group" data-item-id="112418919" class="sans-serif mid-gray relative flex flex-column w-100 h-100 hide-child-opacity" data-testid="product-tile-1" aria-label="Product"><a link-identifier="112418919" class="absolute w-100 h-100 z-1 hide-sibling-opacity" target="" href="/ip/Alamos-Malbec-Red-Wine-Argentina-Wine-750ml-Glass-Bottle/112418919?athcpid=112418919&amp;athpgid=AthenaContentPage_8604954&amp;athcgid=null&amp;athznid=ItemCarousel_fd6a43bf-53e9-4db8-b3d6-cf0e9da23edf_items&amp;athieid=v0&amp;athstid=CS020&amp;athguid=fZ0TNvxS86RnhOIMqZXwWGGGu40sBHjwnBkn&amp;athancid=null&amp;athena=true"><span class="w_iUH7"><h3>Alamos Malbec Red Wine, Argentina Wine, 750ml Glass Bottle</h3></span></a><div class="h2 relative mv2"></div><div class="relative"><div class="relative overflow-hidden" style="max-width:226px;height:0;padding-bottom:min(226px, 100%);align-self:center;width:min(226px, 100%)"><img loading="lazy" srcset="https://i5.walmartimages.com/asr/5a4637fd-98b5-4cb8-bdbb-4d4f32bd8b5d_1.050deea639a14710045f36c39056ca0a.jpeg?odnHeight=226&amp;odnWidth=226&amp;odnBg=FFFFFF 1x, https://i5.walmartimages.com/asr/5a4637fd-98b5-4cb8-bdbb-4d4f32bd8b5d_1.050deea639a14710045f36c39056ca0a.jpeg?odnHeight=576&amp;odnWidth=576&amp;odnBg=FFFFFF 2x" src="https://i5.walmartimages.com/asr/5a4637fd-98b5-4cb8-bdbb-4d4f32bd8b5d_1.050deea639a14710045f36c39056ca0a.jpeg?odnHeight=576&amp;odnWidth=576&amp;odnBg=FFFFFF" width="" height="" class="absolute top-0 left-0" data-testid="productTileImage" alt="Alamos Malbec Red Wine, Argentina Wine, 750ml Glass Bottle"/></div><div class="z-2 absolute bottom--1"><div class="relative dib" data-id="112418919"><button class="w_hhLG w_8nsR w_jDfj pointer bn sans-serif b ph2 flex items-center justify-center w-auto shadow-1" type="button" data-pcss-hide="true" data-automation-id="add-to-cart" aria-label="Add to cart - Alamos Malbec Red Wine, Argentina Wine, 750ml Glass Bottle"><i class="ld ld-Plus" style="font-size:1.5rem;vertical-align:-0.25em;width:1.5rem;height:1.5rem;box-sizing:content-box" title="add to cart"></i><span class="mr2">Add</span></button></div></div></div><div class="mt5 mb0" style="height:24px" data-testid="variant-112418919"></div><div data-automation-id="product-price" class="flex flex-wrap justify-start items-center lh-title mb1-m"><div class="mr1 mr2-xl b black lh-copy f5 f4-l" aria-hidden="true">$10.98</div><span class="w_iUH7">current price $10.98</span><div class="gray mr1 f7 f6-l">43.3 ¢/fl oz</div></div><span class=""><span class="w_V_DM" style="-webkit-line-clamp:3;padding-bottom:0em;margin-bottom:-0em"><span data-automation-id="product-title" class="normal dark-gray mb0 mt1 lh-title f6 f5-l">Alamos Malbec Red Wine, Argentina Wine, 750ml Glass Bottle</span></span></span><div class="flex items-center mt2"><span class="black inline-flex mr1" data-testid="product-ratings" data-value="4.5"><i class="ld ld-StarFill" style="font-size:12px;vertical-align:-0.175em;width:12px;height:12px;box-sizing:content-box" aria-hidden="true"></i><i class="ld ld-StarFill" style="font-size:12px;vertical-align:-0.175em;width:12px;height:12px;box-sizing:content-box" aria-hidden="true"></i><i class="ld ld-StarFill" style="font-size:12px;vertical-align:-0.175em;width:12px;height:12px;box-sizing:content-box" aria-hidden="true"></i><i class="ld ld-StarFill" style="font-size:12px;vertical-align:-0.175em;width:12px;height:12px;box-sizing:content-box" aria-hidden="true"></i><i class="ld ld-StarHalf" style="font-size:12px;vertical-align:-0.175em;width:12px;height:12px;box-sizing:content-box" aria-hidden="true"></i></span><span class="sans-serif gray f7" aria-hidden="true" data-testid="product-reviews" data-value="58">58</span><span class="w_iUH7">4.5 out of 5 Stars. 58 reviews</span></div><div></div><div class="mb2 mt2"><span class="w_iUH7">Available for Pickup or Delivery</span><span class="w_VbBP w_mFV6 w_I_19 w_3oNC w_AAn7 mr1 mt1 ph1" aria-hidden="true">Pickup</span><span class="w_VbBP w_mFV6 w_I_19 w_3oNC w_AAn7 mr1 mt1 ph1" aria-hidden="true">Delivery</span></div></div></li><li class="flex flex-column items-center pa1 pr2 pb2" data-slide="2"><div role="group" data-item-id="152596069" class="sans-serif mid-gray relative flex flex-column w-100 h-100 hide-child-opacity" data-testid="product-tile-2" aria-label="Product"><a link-identifier="152596069" class="absolute w-100 h-100 z-1 hide-sibling-opacity" target="" href="/ip/Apothic-Inferno-Red-Blend-Wine-California-750ml-Glass-Bottle/152596069?athcpid=152596069&amp;athpgid=AthenaContentPage_8604954&amp;athcgid=null&amp;athznid=ItemCarousel_fd6a43bf-53e9-4db8-b3d6-cf0e9da23edf_items&amp;athieid=v0&amp;athstid=CS020&amp;athguid=fZ0TNvxS86RnhOIMqZXwWGGGu40sBHjwnBkn&amp;athancid=null&amp;athena=true"><span class="w_iUH7"><h3>Apothic Inferno Red Blend Wine, California, 750ml Glass Bottle</h3></span></a><div class="h2 relative mv2"></div><div class="relative"><div class="relative overflow-hidden" style="max-width:226px;height:0;padding-bottom:min(226px, 100%);align-self:center;width:min(226px, 100%)"><img loading="lazy" srcset="https://i5.walmartimages.com/asr/05d417d0-8f81-4cf2-a6d5-e68d956545f2.3472f1236c81a540cf25aa12b9f50a54.jpeg?odnHeight=226&amp;odnWidth=226&amp;odnBg=FFFFFF 1x, https://i5.walmartimages.com/asr/05d417d0-8f81-4cf2-a6d5-e68d956545f2.3472f1236c81a540cf25aa12b9f50a54.jpeg?odnHeight=576&amp;odnWidth=576&amp;odnBg=FFFFFF 2x" src="https://i5.walmartimages.com/asr/05d417d0-8f81-4cf2-a6d5-e68d956545f2.3472f1236c81a540cf25aa12b9f50a54.jpeg?odnHeight=576&amp;odnWidth=576&amp;odnBg=FFFFFF" width="" height="" class="absolute top-0 left-0" data-testid="productTileImage" alt="Apothic Inferno Red Blend Wine, California, 750ml Glass Bottle"/></div><div class="z-2 absolute bottom--1"><div class="relative dib" data-id="152596069"><button class="w_hhLG w_8nsR w_jDfj pointer bn sans-serif b ph2 flex items-center justify-center w-auto shadow-1" type="button" data-pcss-hide="true" data-automation-id="add-to-cart" aria-label="Add to cart - Apothic Inferno Red Blend Wine, California, 750ml Glass Bottle"><i class="ld ld-Plus" style="font-size:1.5rem;vertical-align:-0.25em;width:1.5rem;height:1.5rem;box-sizing:content-box" title="add to cart"></i><span class="mr2">Add</span></button></div></div></div><div class="mt5 mb0" style="height:24px" data-testid="variant-152596069"></div><div data-automation-id="product-price" class="flex flex-wrap justify-start items-center lh-title mb1-m"><div class="mr1 mr2-xl b black lh-copy f5 f4-l" aria-hidden="true">$12.98</div><span class="w_iUH7">current price $12.98</span><div class="gray mr1 f7 f6-l">51.2 ¢/fl oz</div></div><span class=""><span class="w_V_DM" style="-webkit-line-clamp:3;padding-bottom:0em;margin-bottom:-0em"><span data-automation-id="product-title" class="normal dark-gray mb0 mt1 lh-title f6 f5-l">Apothic Inferno Red Blend Wine, California, 750ml Glass Bottle</span></span></span><div class="flex items-center mt2"><span class="black inline-flex mr1" data-testid="product-ratings" data-value="4.4"><i class="ld ld-StarFill" style="font-size:12px;vertical-align:-0.175em;width:12px;height:12px;box-sizing:content-box" aria-hidden="true"></i><i class="ld ld-StarFill" style="font-size:12px;vertical-align:-0.175em;width:12px;height:12px;box-sizing:content-box" aria-hidden="true"></i><i class="ld ld-StarFill" style="font-size:12px;vertical-align:-0.175em;width:12px;height:12px;box-sizing:content-box" aria-hidden="true"></i><i class="ld ld-StarFill" style="font-size:12px;vertical-align:-0.175em;width:12px;height:12px;box-sizing:content-box" aria-hidden="true"></i><i class="ld ld-StarHalf" style="font-size:12px;vertical-align:-0.175em;width:12px;height:12px;box-sizing:content-box" aria-hidden="true"></i></span><span class="sans-serif gray f7" aria-hidden="true" data-testid="product-reviews" data-value="176">176</span><span class="w_iUH7">4.4 out of 5 Stars. 176 reviews</span></div><div></div><div class="mb2 mt2"><span class="w_iUH7">Available for Pickup or Delivery</span><span class="w_VbBP w_mFV6 w_I_19 w_3oNC w_AAn7 mr1 mt1 ph1" aria-hidden="true">Pickup</span><span class="w_VbBP w_mFV6 w_I_19 w_3oNC w_AAn7 mr1 mt1 ph1" aria-hidden="true">Delivery</span></div></div></li><li class="flex flex-column items-center pa1 pr2 pb2" data-slide="3"><div role="group" data-item-id="133045644" class="sans-serif mid-gray relative flex flex-column w-100 h-100 hide-child-opacity" data-testid="product-tile-3" aria-label="Product"><a link-identifier="133045644" class="absolute w-100 h-100 z-1 hide-sibling-opacity" target="" href="/ip/Apothic-Dark-Red-Wine-Blend-California-750ml-Glass-Bottle/133045644?athcpid=133045644&amp;athpgid=AthenaContentPage_8604954&amp;athcgid=null&amp;athznid=ItemCarousel_fd6a43bf-53e9-4db8-b3d6-cf0e9da23edf_items&amp;athieid=v0&amp;athstid=CS020&amp;athguid=fZ0TNvxS86RnhOIMqZXwWGGGu40sBHjwnBkn&amp;athancid=null&amp;athena=true"><span class="w_iUH7"><h3>Apothic Dark Red Wine Blend, California, 750ml Glass Bottle</h3></span></a><div class="h2 relative mv2"></div><div class="relative"><div class="relative overflow-hidden" style="max-width:226px;height:0;padding-bottom:min(226px, 100%);align-self:center;width:min(226px, 100%)"><img loading="lazy" srcset="https://i5.walmartimages.com/asr/6d0df324-a0e9-4617-a25d-1c7297cf5c59.c8111b2f626aa48279d3716d3d9e0df0.jpeg?odnHeight=226&amp;odnWidth=226&amp;odnBg=FFFFFF 1x, https://i5.walmartimages.com/asr/6d0df324-a0e9-4617-a25d-1c7297cf5c59.c8111b2f626aa48279d3716d3d9e0df0.jpeg?odnHeight=576&amp;odnWidth=576&amp;odnBg=FFFFFF 2x" src="https://i5.walmartimages.com/asr/6d0df324-a0e9-4617-a25d-1c7297cf5c59.c8111b2f626aa48279d3716d3d9e0df0.jpeg?odnHeight=576&amp;odnWidth=576&amp;odnBg=FFFFFF" width="" height="" class="absolute top-0 left-0" data-testid="productTileImage" alt="Apothic Dark Red Wine Blend, California, 750ml Glass Bottle"/></div><div class="z-2 absolute bottom--1"><div class="relative dib" data-id="133045644"><button class="w_hhLG w_8nsR w_jDfj pointer bn sans-serif b ph2 flex items-center justify-center w-auto shadow-1" type="button" data-pcss-hide="true" data-automation-id="add-to-cart" aria-label="Add to cart - Apothic Dark Red Wine Blend, California, 750ml Glass Bottle"><i class="ld ld-Plus" style="font-size:1.5rem;vertical-align:-0.25em;width:1.5rem;height:1.5rem;box-sizing:content-box" title="add to cart"></i><span class="mr2">Add</span></button></div></div></div><div class="mt5 mb0" style="height:24px" data-testid="variant-133045644"></div><div data-automation-id="product-price" class="flex flex-wrap justify-start items-center lh-title mb1-m"><div class="mr1 mr2-xl b black lh-copy f5 f4-l" aria-hidden="true">$9.98</div><span class="w_iUH7">current price $9.98</span><div class="gray mr1 f7 f6-l">39.4 ¢/fl oz</div></div><span class=""><span class="w_V_DM" style="-webkit-line-clamp:3;padding-bottom:0em;margin-bottom:-0em"><span data-automation-id="product-title" class="normal dark-gray mb0 mt1 lh-title f6 f5-l">Apothic Dark Red Wine Blend, California, 750ml Glass Bottle</span></span></span><div class="flex items-center mt2"><span class="black inline-flex mr1" data-testid="product-ratings" data-value="4.5"><i class="ld ld-StarFill" style="font-size:12px;vertical-align:-0.175em;width:12px;height:12px;box-sizing:content-box" aria-hidden="true"></i><i class="ld ld-StarFill" style="font-size:12px;vertical-align:-0.175em;width:12px;height:12px;box-sizing:content-box" aria-hidden="true"></i><i class="ld ld-StarFill" style="font-size:12px;vertical-align:-0.175em;width:12px;height:12px;box-sizing:content-box" aria-hidden="true"></i><i class="ld ld-StarFill" style="font-size:12px;vertical-align:-0.175em;width:12px;height:12px;box-sizing:content-box" aria-hidden="true"></i><i class="ld ld-StarHalf" style="font-size:12px;vertical-align:-0.175em;width:12px;height:12px;box-sizing:content-box" aria-hidden="true"></i></span><span class="sans-serif gray f7" aria-hidden="true" data-testid="product-reviews" data-value="558">558</span><span class="w_iUH7">4.5 out of 5 Stars. 558 reviews</span></div><div></div><div class="mb2 mt2"><span class="w_iUH7">Available for Pickup or Delivery</span><span class="w_VbBP w_mFV6 w_I_19 w_3oNC w_AAn7 mr1 mt1 ph1" aria-hidden="true">Pickup</span><span class="w_VbBP w_mFV6 w_I_19 w_3oNC w_AAn7 mr1 mt1 ph1" aria-hidden="true">Delivery</span></div></div></li><li class="flex flex-column items-center pa1 pr2 pb2" data-slide="4"><div role="group" data-item-id="37588304" class="sans-serif mid-gray relative flex flex-column w-100 h-100 hide-child-opacity" data-testid="product-tile-4" aria-label="Product"><a link-identifier="37588304" class="absolute w-100 h-100 z-1 hide-sibling-opacity" target="" href="/ip/Menage-a-Trois-Midnight-Dark-Red-Wine-Blend-750-ml-Bottle/37588304?athcpid=37588304&amp;athpgid=AthenaContentPage_8604954&amp;athcgid=null&amp;athznid=ItemCarousel_fd6a43bf-53e9-4db8-b3d6-cf0e9da23edf_items&amp;athieid=v0&amp;athstid=CS020&amp;athguid=fZ0TNvxS86RnhOIMqZXwWGGGu40sBHjwnBkn&amp;athancid=null&amp;athena=true"><span class="w_iUH7"><h3>Menage a Trois Midnight Dark Red Wine Blend, 750 ml Bottle</h3></span></a><div class="h2 relative mv2"></div><div class="relative"><div class="relative overflow-hidden" style="max-width:226px;height:0;padding-bottom:min(226px, 100%);align-self:center;width:min(226px, 100%)"><img loading="lazy" srcset="https://i5.walmartimages.com/asr/69987bf6-19d3-4180-a7be-7f7243d76dc0.e2f02b2aff98f314e34d60d7f56b19bf.jpeg?odnHeight=226&amp;odnWidth=226&amp;odnBg=FFFFFF 1x, https://i5.walmartimages.com/asr/69987bf6-19d3-4180-a7be-7f7243d76dc0.e2f02b2aff98f314e34d60d7f56b19bf.jpeg?odnHeight=576&amp;odnWidth=576&amp;odnBg=FFFFFF 2x" src="https://i5.walmartimages.com/asr/69987bf6-19d3-4180-a7be-7f7243d76dc0.e2f02b2aff98f314e34d60d7f56b19bf.jpeg?odnHeight=576&amp;odnWidth=576&amp;odnBg=FFFFFF" width="" height="" class="absolute top-0 left-0" data-testid="productTileImage" alt="Menage a Trois Midnight Dark Red Wine Blend, 750 ml Bottle"/></div><div class="z-2 absolute bottom--1"><div class="relative dib" data-id="37588304"><button class="w_hhLG w_8nsR w_jDfj pointer bn sans-serif b ph2 flex items-center justify-center w-auto shadow-1" type="button" data-pcss-hide="true" data-automation-id="add-to-cart" aria-label="Add to cart - Menage a Trois Midnight Dark Red Wine Blend, 750 ml Bottle"><i class="ld ld-Plus" style="font-size:1.5rem;vertical-align:-0.25em;width:1.5rem;height:1.5rem;box-sizing:content-box" title="add to cart"></i><span class="mr2">Add</span></button></div></div></div><div class="mt5 mb0" style="height:24px" data-testid="variant-37588304"></div><div data-automation-id="product-price" class="flex flex-wrap justify-start items-center lh-title mb1-m"><div class="mr1 mr2-xl b black lh-copy f5 f4-l" aria-hidden="true">$8.98</div><span class="w_iUH7">current price $8.98</span><div class="gray mr1 f7 f6-l">35.4 ¢/fl oz</div></div><span class=""><span class="w_V_DM" style="-webkit-line-clamp:3;padding-bottom:0em;margin-bottom:-0em"><span data-automation-id="product-title" class="normal dark-gray mb0 mt1 lh-title f6 f5-l">Menage a Trois Midnight Dark Red Wine Blend, 750 ml Bottle</span></span></span><div class="flex items-center mt2"><span class="black inline-flex mr1" data-testid="product-ratings" data-value="5"><i class="ld ld-StarFill" style="font-size:12px;vertical-align:-0.175em;width:12px;height:12px;box-sizing:content-box" aria-hidden="true"></i><i class="ld ld-StarFill" style="font-size:12px;vertical-align:-0.175em;width:12px;height:12px;box-sizing:content-box" aria-hidden="true"></i><i class="ld ld-StarFill" style="font-size:12px;vertical-align:-0.175em;width:12px;height:12px;box-sizing:content-box" aria-hidden="true"></i><i class="ld ld-StarFill" style="font-size:12px;vertical-align:-0.175em;width:12px;height:12px;box-sizing:content-box" aria-hidden="true"></i><i class="ld ld-StarFill" style="font-size:12px;vertical-align:-0.175em;width:12px;height:12px;box-sizing:content-box" aria-hidden="true"></i></span><span class="sans-serif gray f7" aria-hidden="true" data-testid="product-reviews" data-value="2">2</span><span class="w_iUH7">5 out of 5 Stars. 2 reviews</span></div><div></div><div class="mb2 mt2"><span class="w_iUH7">Available for Pickup or Delivery</span><span class="w_VbBP w_mFV6 w_I_19 w_3oNC w_AAn7 mr1 mt1 ph1" aria-hidden="true">Pickup</span><span class="w_VbBP w_mFV6 w_I_19 w_3oNC w_AAn7 mr1 mt1 ph1" aria-hidden="true">Delivery</span></div></div></li><li class="flex flex-column items-center pa1 pr2 pb2" data-slide="5"><div role="group" data-item-id="133326638" class="sans-serif mid-gray relative flex flex-column w-100 h-100 hide-child-opacity" data-testid="product-tile-5" aria-label="Product"><a link-identifier="133326638" class="absolute w-100 h-100 z-1 hide-sibling-opacity" target="" href="/ip/Chateau-Ste-Michelle-Columbia-Valley-Cabernet-Sauvignon-Red-Wine-750-ml-Bottle-13-5-ABV/133326638?athcpid=133326638&amp;athpgid=AthenaContentPage_8604954&amp;athcgid=null&amp;athznid=ItemCarousel_fd6a43bf-53e9-4db8-b3d6-cf0e9da23edf_items&amp;athieid=v0&amp;athstid=CS020&amp;athguid=fZ0TNvxS86RnhOIMqZXwWGGGu40sBHjwnBkn&amp;athancid=null&amp;athena=true"><span class="w_iUH7"><h3>Chateau Ste. Michelle Columbia Valley Cabernet Sauvignon, Red Wine, 750 ml Bottle, 13.5% ABV</h3></span></a><div class="h2 relative mv2"></div><div class="relative"><div class="relative overflow-hidden" style="max-width:226px;height:0;padding-bottom:min(226px, 100%);align-self:center;width:min(226px, 100%)"><img loading="lazy" srcset="https://i5.walmartimages.com/asr/a4b631e5-f766-47ce-a920-4da9c32c56f8.391f9b30361b9270d53087b56e0e6620.jpeg?odnHeight=226&amp;odnWidth=226&amp;odnBg=FFFFFF 1x, https://i5.walmartimages.com/asr/a4b631e5-f766-47ce-a920-4da9c32c56f8.391f9b30361b9270d53087b56e0e6620.jpeg?odnHeight=576&amp;odnWidth=576&amp;odnBg=FFFFFF 2x" src="https://i5.walmartimages.com/asr/a4b631e5-f766-47ce-a920-4da9c32c56f8.391f9b30361b9270d53087b56e0e6620.jpeg?odnHeight=576&amp;odnWidth=576&amp;odnBg=FFFFFF" width="" height="" class="absolute top-0 left-0" data-testid="productTileImage" alt="Chateau Ste. Michelle Columbia Valley Cabernet Sauvignon, Red Wine, 750 ml Bottle, 13.5% ABV"/></div><div class="z-2 absolute bottom--1"><div class="relative dib" data-id="133326638"><button class="w_hhLG w_8nsR w_jDfj pointer bn sans-serif b ph2 flex items-center justify-center w-auto shadow-1" type="button" data-pcss-hide="true" data-automation-id="add-to-cart" aria-label="Add to cart - Chateau Ste. Michelle Columbia Valley Cabernet Sauvignon, Red Wine, 750 ml Bottle, 13.5% ABV"><i class="ld ld-Plus" style="font-size:1.5rem;vertical-align:-0.25em;width:1.5rem;height:1.5rem;box-sizing:content-box" title="add to cart"></i><span class="mr2">Add</span></button></div></div></div><div class="mt5 mb0" style="height:24px" data-testid="variant-133326638"></div><div data-automation-id="product-price" class="flex flex-wrap justify-start items-center lh-title mb1-m"><div class="mr1 mr2-xl b black lh-copy f5 f4-l" aria-hidden="true">$13.98</div><span class="w_iUH7">current price $13.98</span><div class="gray mr1 f7 f6-l">55.1 ¢/fl oz</div></div><span class=""><span class="w_V_DM" style="-webkit-line-clamp:3;padding-bottom:0em;margin-bottom:-0em"><span data-automation-id="product-title" class="normal dark-gray mb0 mt1 lh-title f6 f5-l">Chateau Ste. Michelle Columbia Valley Cabernet Sauvignon, Red Wine, 750 ml Bottle, 13.5% ABV</span></span></span><div class="flex items-center mt2"><span class="black inline-flex mr1" data-testid="product-ratings" data-value="4.5"><i class="ld ld-StarFill" style="font-size:12px;vertical-align:-0.175em;width:12px;height:12px;box-sizing:content-box" aria-hidden="true"></i><i class="ld ld-StarFill" style="font-size:12px;vertical-align:-0.175em;width:12px;height:12px;box-sizing:content-box" aria-hidden="true"></i><i class="ld ld-StarFill" style="font-size:12px;vertical-align:-0.175em;width:12px;height:12px;box-sizing:content-box" aria-hidden="true"></i><i class="ld ld-StarFill" style="font-size:12px;vertical-align:-0.175em;width:12px;height:12px;box-sizing:content-box" aria-hidden="true"></i><i class="ld ld-StarHalf" style="font-size:12px;vertical-align:-0.175em;width:12px;height:12px;box-sizing:content-box" aria-hidden="true"></i></span><span class="sans-serif gray f7" aria-hidden="true" data-testid="product-reviews" data-value="26">26</span><span class="w_iUH7">4.5 out of 5 Stars. 26 reviews</span></div><div></div><div class="mb2 mt2"><span class="w_iUH7">Available for Pickup or Delivery</span><span class="w_VbBP w_mFV6 w_I_19 w_3oNC w_AAn7 mr1 mt1 ph1" aria-hidden="true">Pickup</span><span class="w_VbBP w_mFV6 w_I_19 w_3oNC w_AAn7 mr1 mt1 ph1" aria-hidden="true">Delivery</span></div></div></li><li class="flex flex-column items-center pa1 pr2 pb2" data-slide="6"><div role="group" data-item-id="145662745" class="sans-serif mid-gray relative flex flex-column w-100 h-100 hide-child-opacity" data-testid="product-tile-6" aria-label="Product"><a link-identifier="145662745" class="absolute w-100 h-100 z-1 hide-sibling-opacity" target="" href="/ip/Joel-Gott-815-Cabernet-Sauvignon-Red-Wine-750-ml-Bottle/145662745?athcpid=145662745&amp;athpgid=AthenaContentPage_8604954&amp;athcgid=null&amp;athznid=ItemCarousel_fd6a43bf-53e9-4db8-b3d6-cf0e9da23edf_items&amp;athieid=v0&amp;athstid=CS020&amp;athguid=fZ0TNvxS86RnhOIMqZXwWGGGu40sBHjwnBkn&amp;athancid=null&amp;athena=true"><span class="w_iUH7"><h3>Joel Gott 815 Cabernet Sauvignon Red Wine, 750 ml Bottle</h3></span></a><div class="h2 relative mv2"></div><div class="relative"><div class="relative overflow-hidden" style="max-width:226px;height:0;padding-bottom:min(226px, 100%);align-self:center;width:min(226px, 100%)"><img loading="lazy" srcset="https://i5.walmartimages.com/asr/19492f37-7515-4802-8bfd-b580f393e345.cc94f19a1d405b39e06b4b8522bf8513.jpeg?odnHeight=226&amp;odnWidth=226&amp;odnBg=FFFFFF 1x, https://i5.walmartimages.com/asr/19492f37-7515-4802-8bfd-b580f393e345.cc94f19a1d405b39e06b4b8522bf8513.jpeg?odnHeight=576&amp;odnWidth=576&amp;odnBg=FFFFFF 2x" src="https://i5.walmartimages.com/asr/19492f37-7515-4802-8bfd-b580f393e345.cc94f19a1d405b39e06b4b8522bf8513.jpeg?odnHeight=576&amp;odnWidth=576&amp;odnBg=FFFFFF" width="" height="" class="absolute top-0 left-0" data-testid="productTileImage" alt="Joel Gott 815 Cabernet Sauvignon Red Wine, 750 ml Bottle"/></div><div class="z-2 absolute bottom--1"><div class="relative dib" data-id="145662745"><button class="w_hhLG w_8nsR w_jDfj pointer bn sans-serif b ph2 flex items-center justify-center w-auto shadow-1" type="button" data-pcss-hide="true" data-automation-id="add-to-cart" aria-label="Add to cart - Joel Gott 815 Cabernet Sauvignon Red Wine, 750 ml Bottle"><i class="ld ld-Plus" style="font-size:1.5rem;vertical-align:-0.25em;width:1.5rem;height:1.5rem;box-sizing:content-box" title="add to cart"></i><span class="mr2">Add</span></button></div></div></div><div class="mt5 mb0" style="height:24px" data-testid="variant-145662745"></div><div data-automation-id="product-price" class="flex flex-wrap justify-start items-center lh-title mb1-m"><div class="mr1 mr2-xl b black lh-copy f5 f4-l" aria-hidden="true">$14.98</div><span class="w_iUH7">current price $14.98</span><div class="gray mr1 f7 f6-l">59.1 ¢/fl oz</div></div><span class=""><span class="w_V_DM" style="-webkit-line-clamp:3;padding-bottom:0em;margin-bottom:-0em"><span data-automation-id="product-title" class="normal dark-gray mb0 mt1 lh-title f6 f5-l">Joel Gott 815 Cabernet Sauvignon Red Wine, 750 ml Bottle</span></span></span><div class="flex items-center mt2"><span class="black inline-flex mr1" data-testid="product-ratings" data-value="4.7"><i class="ld ld-StarFill" style="font-size:12px;vertical-align:-0.175em;width:12px;height:12px;box-sizing:content-box" aria-hidden="true"></i><i class="ld ld-StarFill" style="font-size:12px;vertical-align:-0.175em;width:12px;height:12px;box-sizing:content-box" aria-hidden="true"></i><i class="ld ld-StarFill" style="font-size:12px;vertical-align:-0.175em;width:12px;height:12px;box-sizing:content-box" aria-hidden="true"></i><i class="ld ld-StarFill" style="font-size:12px;vertical-align:-0.175em;width:12px;height:12px;box-sizing:content-box" aria-hidden="true"></i><i class="ld ld-StarHalf" style="font-size:12px;vertical-align:-0.175em;width:12px;height:12px;box-sizing:content-box" aria-hidden="true"></i></span><span class="sans-serif gray f7" aria-hidden="true" data-testid="product-reviews" data-value="30">30</span><span class="w_iUH7">4.7 out of 5 Stars. 30 reviews</span></div><div></div><div class="mb2 mt2"><span class="w_iUH7">Available for Pickup or Delivery</span><span class="w_VbBP w_mFV6 w_I_19 w_3oNC w_AAn7 mr1 mt1 ph1" aria-hidden="true">Pickup</span><span class="w_VbBP w_mFV6 w_I_19 w_3oNC w_AAn7 mr1 mt1 ph1" aria-hidden="true">Delivery</span></div></div></li><li class="flex flex-column items-center pa1 pr2 pb2" data-slide="7"><div role="group" data-item-id="161973495" class="sans-serif mid-gray relative flex flex-column w-100 h-100 hide-child-opacity" data-testid="product-tile-7" aria-label="Product"><a link-identifier="161973495" class="absolute w-100 h-100 z-1 hide-sibling-opacity" target="" href="/ip/Dark-Horse-California-Cabernet-Sauvignon-Red-Wine-750ml-Glass-Bottle/161973495?athcpid=161973495&amp;athpgid=AthenaContentPage_8604954&amp;athcgid=null&amp;athznid=ItemCarousel_fd6a43bf-53e9-4db8-b3d6-cf0e9da23edf_items&amp;athieid=v0&amp;athstid=CS020&amp;athguid=fZ0TNvxS86RnhOIMqZXwWGGGu40sBHjwnBkn&amp;athancid=null&amp;athena=true"><span class="w_iUH7"><h3>Dark Horse California Cabernet Sauvignon Red Wine, 750ml Glass Bottle</h3></span></a><div class="h2 relative mv2"></div><div class="relative"><div class="relative overflow-hidden" style="max-width:226px;height:0;padding-bottom:min(226px, 100%);align-self:center;width:min(226px, 100%)"><img loading="lazy" srcset="https://i5.walmartimages.com/asr/0788cb13-c737-4a51-a939-132b1591f6a8_1.33b10e56cf6676dbc8e5848adcb023f3.jpeg?odnHeight=226&amp;odnWidth=226&amp;odnBg=FFFFFF 1x, https://i5.walmartimages.com/asr/0788cb13-c737-4a51-a939-132b1591f6a8_1.33b10e56cf6676dbc8e5848adcb023f3.jpeg?odnHeight=576&amp;odnWidth=576&amp;odnBg=FFFFFF 2x" src="https://i5.walmartimages.com/asr/0788cb13-c737-4a51-a939-132b1591f6a8_1.33b10e56cf6676dbc8e5848adcb023f3.jpeg?odnHeight=576&amp;odnWidth=576&amp;odnBg=FFFFFF" width="" height="" class="absolute top-0 left-0" data-testid="productTileImage" alt="Dark Horse California Cabernet Sauvignon Red Wine, 750ml Glass Bottle"/></div><div class="z-2 absolute bottom--1"><div class="relative dib" data-id="161973495"><button class="w_hhLG w_8nsR w_jDfj pointer bn sans-serif b ph2 flex items-center justify-center w-auto shadow-1" type="button" data-pcss-hide="true" data-automation-id="add-to-cart" aria-label="Add to cart - Dark Horse California Cabernet Sauvignon Red Wine, 750ml Glass Bottle"><i class="ld ld-Plus" style="font-size:1.5rem;vertical-align:-0.25em;width:1.5rem;height:1.5rem;box-sizing:content-box" title="add to cart"></i><span class="mr2">Add</span></button></div></div></div><div class="mt5 mb0" style="height:24px" data-testid="variant-161973495"></div><div data-automation-id="product-price" class="flex flex-wrap justify-start items-center lh-title mb1-m"><div class="mr1 mr2-xl b black lh-copy f5 f4-l" aria-hidden="true">$8.48</div><span class="w_iUH7">current price $8.48</span><div class="gray mr1 f7 f6-l">33.4 ¢/fl oz</div></div><span class=""><span class="w_V_DM" style="-webkit-line-clamp:3;padding-bottom:0em;margin-bottom:-0em"><span data-automation-id="product-title" class="normal dark-gray mb0 mt1 lh-title f6 f5-l">Dark Horse California Cabernet Sauvignon Red Wine, 750ml Glass Bottle</span></span></span><div class="flex items-center mt2"><span class="black inline-flex mr1" data-testid="product-ratings" data-value="4.5"><i class="ld ld-StarFill" style="font-size:12px;vertical-align:-0.175em;width:12px;height:12px;box-sizing:content-box" aria-hidden="true"></i><i class="ld ld-StarFill" style="font-size:12px;vertical-align:-0.175em;width:12px;height:12px;box-sizing:content-box" aria-hidden="true"></i><i class="ld ld-StarFill" style="font-size:12px;vertical-align:-0.175em;width:12px;height:12px;box-sizing:content-box" aria-hidden="true"></i><i class="ld ld-StarFill" style="font-size:12px;vertical-align:-0.175em;width:12px;height:12px;box-sizing:content-box" aria-hidden="true"></i><i class="ld ld-StarHalf" style="font-size:12px;vertical-align:-0.175em;width:12px;height:12px;box-sizing:content-box" aria-hidden="true"></i></span><span class="sans-serif gray f7" aria-hidden="true" data-testid="product-reviews" data-value="21">21</span><span class="w_iUH7">4.5 out of 5 Stars. 21 reviews</span></div><div></div><div class="mb2 mt2"><span class="w_iUH7">Available for Pickup or Delivery</span><span class="w_VbBP w_mFV6 w_I_19 w_3oNC w_AAn7 mr1 mt1 ph1" aria-hidden="true">Pickup</span><span class="w_VbBP w_mFV6 w_I_19 w_3oNC w_AAn7 mr1 mt1 ph1" aria-hidden="true">Delivery</span></div></div></li><li class="flex flex-column items-center pa1 pr2 pb2" data-slide="8"><div role="group" data-item-id="193931083" class="sans-serif mid-gray relative flex flex-column w-100 h-100 hide-child-opacity" data-testid="product-tile-8" aria-label="Product"><a link-identifier="193931083" class="absolute w-100 h-100 z-1 hide-sibling-opacity" target="" href="/ip/Coppola-Diamond-Collection-Cabernet-Sauvignon-Red-Wine-California-750mL-14-5-ABV/193931083?athcpid=193931083&amp;athpgid=AthenaContentPage_8604954&amp;athcgid=null&amp;athznid=ItemCarousel_fd6a43bf-53e9-4db8-b3d6-cf0e9da23edf_items&amp;athieid=v0&amp;athstid=CS020&amp;athguid=fZ0TNvxS86RnhOIMqZXwWGGGu40sBHjwnBkn&amp;athancid=null&amp;athena=true"><span class="w_iUH7"><h3>Coppola Diamond Collection Cabernet Sauvignon Red Wine, California, 750mL, 14.5% ABV</h3></span></a><div class="h2 relative mv2"></div><div class="relative"><div class="relative overflow-hidden" style="max-width:226px;height:0;padding-bottom:min(226px, 100%);align-self:center;width:min(226px, 100%)"><img loading="lazy" srcset="https://i5.walmartimages.com/asr/0f82db9c-69bf-4f60-ab0e-a5e77ddf2fc2.918199ff8acb87a990a12ea0a2f199cf.png?odnHeight=226&amp;odnWidth=226&amp;odnBg=FFFFFF 1x, https://i5.walmartimages.com/asr/0f82db9c-69bf-4f60-ab0e-a5e77ddf2fc2.918199ff8acb87a990a12ea0a2f199cf.png?odnHeight=576&amp;odnWidth=576&amp;odnBg=FFFFFF 2x" src="https://i5.walmartimages.com/asr/0f82db9c-69bf-4f60-ab0e-a5e77ddf2fc2.918199ff8acb87a990a12ea0a2f199cf.png?odnHeight=576&amp;odnWidth=576&amp;odnBg=FFFFFF" width="" height="" class="absolute top-0 left-0" data-testid="productTileImage" alt="Coppola Diamond Collection Cabernet Sauvignon Red Wine, California, 750mL, 14.5% ABV"/></div><div class="z-2 absolute bottom--1"><div class="relative dib" data-id="193931083"><button class="w_hhLG w_8nsR w_jDfj pointer bn sans-serif b ph2 flex items-center justify-center w-auto shadow-1" type="button" data-pcss-hide="true" data-automation-id="add-to-cart" aria-label="Add to cart - Coppola Diamond Collection Cabernet Sauvignon Red Wine, California, 750mL, 14.5% ABV"><i class="ld ld-Plus" style="font-size:1.5rem;vertical-align:-0.25em;width:1.5rem;height:1.5rem;box-sizing:content-box" title="add to cart"></i><span class="mr2">Add</span></button></div></div></div><div class="mt5 mb0" style="height:24px" data-testid="variant-193931083"></div><div data-automation-id="product-price" class="flex flex-wrap justify-start items-center lh-title mb1-m"><div class="mr1 mr2-xl b black lh-copy f5 f4-l" aria-hidden="true">$14.98</div><span class="w_iUH7">current price $14.98</span><div class="gray mr1 f7 f6-l">59.0 ¢/fl oz</div></div><span class=""><span class="w_V_DM" style="-webkit-line-clamp:3;padding-bottom:0em;margin-bottom:-0em"><span data-automation-id="product-title" class="normal dark-gray mb0 mt1 lh-title f6 f5-l">Coppola Diamond Collection Cabernet Sauvignon Red Wine, California, 750mL, 14.5% ABV</span></span></span><div class="flex items-center mt2"><span class="black inline-flex mr1" data-testid="product-ratings" data-value="4.8"><i class="ld ld-StarFill" style="font-size:12px;vertical-align:-0.175em;width:12px;height:12px;box-sizing:content-box" aria-hidden="true"></i><i class="ld ld-StarFill" style="font-size:12px;vertical-align:-0.175em;width:12px;height:12px;box-sizing:content-box" aria-hidden="true"></i><i class="ld ld-StarFill" style="font-size:12px;vertical-align:-0.175em;width:12px;height:12px;box-sizing:content-box" aria-hidden="true"></i><i class="ld ld-StarFill" style="font-size:12px;vertical-align:-0.175em;width:12px;height:12px;box-sizing:content-box" aria-hidden="true"></i><i class="ld ld-StarFill" style="font-size:12px;vertical-align:-0.175em;width:12px;height:12px;box-sizing:content-box" aria-hidden="true"></i></span><span class="sans-serif gray f7" aria-hidden="true" data-testid="product-reviews" data-value="11">11</span><span class="w_iUH7">4.8 out of 5 Stars. 11 reviews</span></div><div></div><div class="mb2 mt2"><span class="w_iUH7">Available for Pickup or Delivery</span><span class="w_VbBP w_mFV6 w_I_19 w_3oNC w_AAn7 mr1 mt1 ph1" aria-hidden="true">Pickup</span><span class="w_VbBP w_mFV6 w_I_19 w_3oNC w_AAn7 mr1 mt1 ph1" aria-hidden="true">Delivery</span></div></div></li></ul><a link-identifier="horizontalScrollerNext" class="absolute dn z-5 bg-white br-100 pa0 pointer db-l br-100 nav-control right-1" aria-label="Next slide for Product Carousel list" data-testid="horizontal-scroller-next" role="button"><i class="ld ld-ChevronRight" style="font-size:1.5rem;vertical-align:-0.25em;padding:12px;width:1.5rem;height:1.5rem;box-sizing:content-box"></i></a></div></section></section></div> <!-- --> <div class="mv3 mv4-xl ml3 ml0-l bb b--near-white"><section><section><header class="flex justify-between mb3 mb2-m pr3 pr4-m pr0-xl items-baseline"><section style="flex:1"><div><div><div class="inline-flex "><h2 class="f4 f3-m lh-title ma0 ">Sweet wines</h2></div></div></div></section><a link-identifier="View all" class="black f6" href="https://www.walmart.com/browse/food/moscato/976759_2975985_8604954_8749992_6586620?povid=976759_itemcarousel_8604954_Sweetwines_Viewall_Rweb_Dec_6">View all</a></header><div class="flex flex-column justify-center relative" data-testid="horizontal-scroller-Product Carousel"><a link-identifier="horizontalScrollerPrevious" class="absolute dn z-5 bg-white br-100 pa0 pointer hidden-child br-100 nav-control left-1" aria-label="Previous slide for Product Carousel list" data-testid="horizontal-scroller-previous" role="button"><i class="ld ld-ChevronLeft" style="font-size:1.5rem;vertical-align:-0.25em;padding:12px;width:1.5rem;height:1.5rem;box-sizing:content-box"></i></a><ul style="display:grid;grid-auto-flow:column;scroll-snap-type:x mandatory;max-height:fit-content" class="list ma0 pl0 overflow-x-scroll hidesb hidesb-wk relative overflow-y-hidden carousel-peek-2 carousel-6-l carousel-3-m pr3-m" data-testid="carousel-container"><li class="flex flex-column items-center pa1 pr2 pb2" data-slide="0"><div role="group" data-item-id="183033891" class="sans-serif mid-gray relative flex flex-column w-100 h-100 hide-child-opacity" data-testid="product-tile-0" aria-label="Product"><a link-identifier="183033891" class="absolute w-100 h-100 z-1 hide-sibling-opacity" target="" href="/ip/Stella-Rosa-Rosso-Semi-Sweet-Red-Wine-750ml-Glass-Bottle-Piedmont-Italy-Serving-Size-8oz/183033891?athcpid=183033891&amp;athpgid=AthenaContentPage_8604954&amp;athcgid=null&amp;athznid=ItemCarousel_d7642b82-7f47-4e0b-a5fc-de9a29842081_items&amp;athieid=v0&amp;athstid=CS020&amp;athguid=fZ0TNvxS86RnhOIMqZXwWGGGu40sBHjwnBkn&amp;athancid=null&amp;athena=true"><span class="w_iUH7"><h3>Stella Rosa Rosso Semi-Sweet Red Wine, 750ml Glass Bottle, Piedmont Italy, Serving Size 8oz</h3></span></a><div class="h2 relative mv2"></div><div class="relative"><div class="relative overflow-hidden" style="max-width:226px;height:0;padding-bottom:min(226px, 100%);align-self:center;width:min(226px, 100%)"><img loading="lazy" srcset="https://i5.walmartimages.com/asr/a61248ee-519b-4fd6-80ac-5c30ea4d9a7a.f0635b2875ecadc94c6b7b441e5736fc.jpeg?odnHeight=226&amp;odnWidth=226&amp;odnBg=FFFFFF 1x, https://i5.walmartimages.com/asr/a61248ee-519b-4fd6-80ac-5c30ea4d9a7a.f0635b2875ecadc94c6b7b441e5736fc.jpeg?odnHeight=576&amp;odnWidth=576&amp;odnBg=FFFFFF 2x" src="https://i5.walmartimages.com/asr/a61248ee-519b-4fd6-80ac-5c30ea4d9a7a.f0635b2875ecadc94c6b7b441e5736fc.jpeg?odnHeight=576&amp;odnWidth=576&amp;odnBg=FFFFFF" width="" height="" class="absolute top-0 left-0" data-testid="productTileImage" alt="Stella Rosa Rosso Semi-Sweet Red Wine, 750ml Glass Bottle, Piedmont Italy, Serving Size 8oz"/></div><div class="z-2 absolute bottom--1"><div class="relative dib" data-id="183033891"><button class="w_hhLG w_8nsR w_jDfj pointer bn sans-serif b ph2 flex items-center justify-center w-auto shadow-1" type="button" data-pcss-hide="true" data-automation-id="add-to-cart" aria-label="Add to cart - Stella Rosa Rosso Semi-Sweet Red Wine, 750ml Glass Bottle, Piedmont Italy, Serving Size 8oz"><i class="ld ld-Plus" style="font-size:1.5rem;vertical-align:-0.25em;width:1.5rem;height:1.5rem;box-sizing:content-box" title="add to cart"></i><span class="mr2">Add</span></button></div></div></div><div class="mt5 mb0" style="height:24px" data-testid="variant-183033891"></div><div data-automation-id="product-price" class="flex flex-wrap justify-start items-center lh-title mb1-m"><div class="mr1 mr2-xl b black lh-copy f5 f4-l" aria-hidden="true">$10.98</div><span class="w_iUH7">current price $10.98</span><div class="gray mr1 f7 f6-l">43.3 ¢/fl oz</div></div><span class=""><span class="w_V_DM" style="-webkit-line-clamp:3;padding-bottom:0em;margin-bottom:-0em"><span data-automation-id="product-title" class="normal dark-gray mb0 mt1 lh-title f6 f5-l">Stella Rosa Rosso Semi-Sweet Red Wine, 750ml Glass Bottle, Piedmont Italy, Serving Size 8oz</span></span></span><div class="flex items-center mt2"><span class="black inline-flex mr1" data-testid="product-ratings" data-value="4.9"><i class="ld ld-StarFill" style="font-size:12px;vertical-align:-0.175em;width:12px;height:12px;box-sizing:content-box" aria-hidden="true"></i><i class="ld ld-StarFill" style="font-size:12px;vertical-align:-0.175em;width:12px;height:12px;box-sizing:content-box" aria-hidden="true"></i><i class="ld ld-StarFill" style="font-size:12px;vertical-align:-0.175em;width:12px;height:12px;box-sizing:content-box" aria-hidden="true"></i><i class="ld ld-StarFill" style="font-size:12px;vertical-align:-0.175em;width:12px;height:12px;box-sizing:content-box" aria-hidden="true"></i><i class="ld ld-StarFill" style="font-size:12px;vertical-align:-0.175em;width:12px;height:12px;box-sizing:content-box" aria-hidden="true"></i></span><span class="sans-serif gray f7" aria-hidden="true" data-testid="product-reviews" data-value="229">229</span><span class="w_iUH7">4.9 out of 5 Stars. 229 reviews</span></div><div></div><div class="mb2 mt2"><span class="w_iUH7">Available for Pickup or Delivery</span><span class="w_VbBP w_mFV6 w_I_19 w_3oNC w_AAn7 mr1 mt1 ph1" aria-hidden="true">Pickup</span><span class="w_VbBP w_mFV6 w_I_19 w_3oNC w_AAn7 mr1 mt1 ph1" aria-hidden="true">Delivery</span></div></div></li><li class="flex flex-column items-center pa1 pr2 pb2" data-slide="1"><div role="group" data-item-id="138687972" class="sans-serif mid-gray relative flex flex-column w-100 h-100 hide-child-opacity" data-testid="product-tile-1" aria-label="Product"><a link-identifier="138687972" class="absolute w-100 h-100 z-1 hide-sibling-opacity" target="" href="/ip/Bartenura-Moscato-Di-Asti-Sparkling-Wine-750-mL/138687972?athcpid=138687972&amp;athpgid=AthenaContentPage_8604954&amp;athcgid=null&amp;athznid=ItemCarousel_d7642b82-7f47-4e0b-a5fc-de9a29842081_items&amp;athieid=v0&amp;athstid=CS020&amp;athguid=fZ0TNvxS86RnhOIMqZXwWGGGu40sBHjwnBkn&amp;athancid=null&amp;athena=true"><span class="w_iUH7"><h3>Bartenura Moscato Di Asti Sparkling Wine, 750 mL</h3></span></a><div class="h2 relative mv2"></div><div class="relative"><div class="relative overflow-hidden" style="max-width:226px;height:0;padding-bottom:min(226px, 100%);align-self:center;width:min(226px, 100%)"><img loading="lazy" srcset="https://i5.walmartimages.com/asr/1d305c11-d614-40fc-b350-2013475ce53b.9ad8d460e6721b5f84d7e9663b5382d2.jpeg?odnHeight=226&amp;odnWidth=226&amp;odnBg=FFFFFF 1x, https://i5.walmartimages.com/asr/1d305c11-d614-40fc-b350-2013475ce53b.9ad8d460e6721b5f84d7e9663b5382d2.jpeg?odnHeight=576&amp;odnWidth=576&amp;odnBg=FFFFFF 2x" src="https://i5.walmartimages.com/asr/1d305c11-d614-40fc-b350-2013475ce53b.9ad8d460e6721b5f84d7e9663b5382d2.jpeg?odnHeight=576&amp;odnWidth=576&amp;odnBg=FFFFFF" width="" height="" class="absolute top-0 left-0" data-testid="productTileImage" alt="Bartenura Moscato Di Asti Sparkling Wine, 750 mL"/></div><div class="z-2 absolute bottom--1"><div class="relative dib" data-id="138687972"><button class="w_hhLG w_8nsR w_jDfj pointer bn sans-serif b ph2 flex items-center justify-center w-auto shadow-1" type="button" data-pcss-hide="true" data-automation-id="add-to-cart" aria-label="Add to cart - Bartenura Moscato Di Asti Sparkling Wine, 750 mL"><i class="ld ld-Plus" style="font-size:1.5rem;vertical-align:-0.25em;width:1.5rem;height:1.5rem;box-sizing:content-box" title="add to cart"></i><span class="mr2">Add</span></button></div></div></div><div class="mt5 mb0" style="height:24px" data-testid="variant-138687972"></div><div data-automation-id="product-price" class="flex flex-wrap justify-start items-center lh-title mb1-m"><div class="mr1 mr2-xl b black lh-copy f5 f4-l" aria-hidden="true">$13.48</div><span class="w_iUH7">current price $13.48</span><div class="gray mr1 f7 f6-l">53.1 ¢/fl oz</div></div><span class=""><span class="w_V_DM" style="-webkit-line-clamp:3;padding-bottom:0em;margin-bottom:-0em"><span data-automation-id="product-title" class="normal dark-gray mb0 mt1 lh-title f6 f5-l">Bartenura Moscato Di Asti Sparkling Wine, 750 mL</span></span></span><div class="flex items-center mt2"><span class="black inline-flex mr1" data-testid="product-ratings" data-value="5"><i class="ld ld-StarFill" style="font-size:12px;vertical-align:-0.175em;width:12px;height:12px;box-sizing:content-box" aria-hidden="true"></i><i class="ld ld-StarFill" style="font-size:12px;vertical-align:-0.175em;width:12px;height:12px;box-sizing:content-box" aria-hidden="true"></i><i class="ld ld-StarFill" style="font-size:12px;vertical-align:-0.175em;width:12px;height:12px;box-sizing:content-box" aria-hidden="true"></i><i class="ld ld-StarFill" style="font-size:12px;vertical-align:-0.175em;width:12px;height:12px;box-sizing:content-box" aria-hidden="true"></i><i class="ld ld-StarFill" style="font-size:12px;vertical-align:-0.175em;width:12px;height:12px;box-sizing:content-box" aria-hidden="true"></i></span><span class="sans-serif gray f7" aria-hidden="true" data-testid="product-reviews" data-value="37">37</span><span class="w_iUH7">5 out of 5 Stars. 37 reviews</span></div><div></div><div class="mb2 mt2"><span class="w_iUH7">Available for Pickup or Delivery</span><span class="w_VbBP w_mFV6 w_I_19 w_3oNC w_AAn7 mr1 mt1 ph1" aria-hidden="true">Pickup</span><span class="w_VbBP w_mFV6 w_I_19 w_3oNC w_AAn7 mr1 mt1 ph1" aria-hidden="true">Delivery</span></div></div></li><li class="flex flex-column items-center pa1 pr2 pb2" data-slide="2"><div role="group" data-item-id="101158189" class="sans-serif mid-gray relative flex flex-column w-100 h-100 hide-child-opacity" data-testid="product-tile-2" aria-label="Product"><a link-identifier="101158189" class="absolute w-100 h-100 z-1 hide-sibling-opacity" target="" href="/ip/Stella-Rosa-Red-Semi-Sweet-Semi-Sparkling-Red-Wine-750ml-Glass-Bottle-Piedmont-Italy/101158189?athcpid=101158189&amp;athpgid=AthenaContentPage_8604954&amp;athcgid=null&amp;athznid=ItemCarousel_d7642b82-7f47-4e0b-a5fc-de9a29842081_items&amp;athieid=v0&amp;athstid=CS020&amp;athguid=fZ0TNvxS86RnhOIMqZXwWGGGu40sBHjwnBkn&amp;athancid=null&amp;athena=true"><span class="w_iUH7"><h3>Stella Rosa Red Semi-Sweet Semi-Sparkling Red Wine, 750ml Glass Bottle, Piedmont, Italy</h3></span></a><div class="h2 relative mv2"></div><div class="relative"><div class="relative overflow-hidden" style="max-width:226px;height:0;padding-bottom:min(226px, 100%);align-self:center;width:min(226px, 100%)"><img loading="lazy" srcset="https://i5.walmartimages.com/asr/9b01e4d5-a227-46a4-885d-c40b709703b6.804981e32b94bc864b84aaa17427c458.jpeg?odnHeight=226&amp;odnWidth=226&amp;odnBg=FFFFFF 1x, https://i5.walmartimages.com/asr/9b01e4d5-a227-46a4-885d-c40b709703b6.804981e32b94bc864b84aaa17427c458.jpeg?odnHeight=576&amp;odnWidth=576&amp;odnBg=FFFFFF 2x" src="https://i5.walmartimages.com/asr/9b01e4d5-a227-46a4-885d-c40b709703b6.804981e32b94bc864b84aaa17427c458.jpeg?odnHeight=576&amp;odnWidth=576&amp;odnBg=FFFFFF" width="" height="" class="absolute top-0 left-0" data-testid="productTileImage" alt="Stella Rosa Red Semi-Sweet Semi-Sparkling Red Wine, 750ml Glass Bottle, Piedmont, Italy"/></div><div class="z-2 absolute bottom--1"><div class="relative dib" data-id="101158189"><button class="w_hhLG w_8nsR w_jDfj pointer bn sans-serif b ph2 flex items-center justify-center w-auto shadow-1" type="button" data-pcss-hide="true" data-automation-id="add-to-cart" aria-label="Add to cart - Stella Rosa Red Semi-Sweet Semi-Sparkling Red Wine, 750ml Glass Bottle, Piedmont, Italy"><i class="ld ld-Plus" style="font-size:1.5rem;vertical-align:-0.25em;width:1.5rem;height:1.5rem;box-sizing:content-box" title="add to cart"></i><span class="mr2">Add</span></button></div></div></div><div class="mt5 mb0" style="height:24px" data-testid="variant-101158189"></div><div data-automation-id="product-price" class="flex flex-wrap justify-start items-center lh-title mb1-m"><div class="mr1 mr2-xl b black lh-copy f5 f4-l" aria-hidden="true">$10.98</div><span class="w_iUH7">current price $10.98</span><div class="gray mr1 f7 f6-l">43.3 ¢/fl oz</div></div><span class=""><span class="w_V_DM" style="-webkit-line-clamp:3;padding-bottom:0em;margin-bottom:-0em"><span data-automation-id="product-title" class="normal dark-gray mb0 mt1 lh-title f6 f5-l">Stella Rosa Red Semi-Sweet Semi-Sparkling Red Wine, 750ml Glass Bottle, Piedmont, Italy</span></span></span><div class="flex items-center mt2"><span class="black inline-flex mr1" data-testid="product-ratings" data-value="4.9"><i class="ld ld-StarFill" style="font-size:12px;vertical-align:-0.175em;width:12px;height:12px;box-sizing:content-box" aria-hidden="true"></i><i class="ld ld-StarFill" style="font-size:12px;vertical-align:-0.175em;width:12px;height:12px;box-sizing:content-box" aria-hidden="true"></i><i class="ld ld-StarFill" style="font-size:12px;vertical-align:-0.175em;width:12px;height:12px;box-sizing:content-box" aria-hidden="true"></i><i class="ld ld-StarFill" style="font-size:12px;vertical-align:-0.175em;width:12px;height:12px;box-sizing:content-box" aria-hidden="true"></i><i class="ld ld-StarFill" style="font-size:12px;vertical-align:-0.175em;width:12px;height:12px;box-sizing:content-box" aria-hidden="true"></i></span><span class="sans-serif gray f7" aria-hidden="true" data-testid="product-reviews" data-value="139">139</span><span class="w_iUH7">4.9 out of 5 Stars. 139 reviews</span></div><div></div><div class="mb2 mt2"><span class="w_iUH7">Available for Pickup or Delivery</span><span class="w_VbBP w_mFV6 w_I_19 w_3oNC w_AAn7 mr1 mt1 ph1" aria-hidden="true">Pickup</span><span class="w_VbBP w_mFV6 w_I_19 w_3oNC w_AAn7 mr1 mt1 ph1" aria-hidden="true">Delivery</span></div></div></li><li class="flex flex-column items-center pa1 pr2 pb2" data-slide="3"><div role="group" data-item-id="141267848" class="sans-serif mid-gray relative flex flex-column w-100 h-100 hide-child-opacity" data-testid="product-tile-3" aria-label="Product"><a link-identifier="141267848" class="absolute w-100 h-100 z-1 hide-sibling-opacity" target="" href="/ip/Chateau-Ste-Michelle-Washington-Harvest-Select-Riesling-Sweet-White-Wine-750-ml-Bottle/141267848?athcpid=141267848&amp;athpgid=AthenaContentPage_8604954&amp;athcgid=null&amp;athznid=ItemCarousel_d7642b82-7f47-4e0b-a5fc-de9a29842081_items&amp;athieid=v0&amp;athstid=CS020&amp;athguid=fZ0TNvxS86RnhOIMqZXwWGGGu40sBHjwnBkn&amp;athancid=null&amp;athena=true"><span class="w_iUH7"><h3>Chateau Ste. Michelle Washington Harvest Select Riesling Sweet White Wine, 750 ml Bottle</h3></span></a><div class="h2 relative mv2"></div><div class="relative"><div class="relative overflow-hidden" style="max-width:226px;height:0;padding-bottom:min(226px, 100%);align-self:center;width:min(226px, 100%)"><img loading="lazy" srcset="https://i5.walmartimages.com/asr/e4505711-af1f-4b62-b0ae-a28955b5cfee.6ea9392aadc3035191f76dfa9c1f7119.jpeg?odnHeight=226&amp;odnWidth=226&amp;odnBg=FFFFFF 1x, https://i5.walmartimages.com/asr/e4505711-af1f-4b62-b0ae-a28955b5cfee.6ea9392aadc3035191f76dfa9c1f7119.jpeg?odnHeight=576&amp;odnWidth=576&amp;odnBg=FFFFFF 2x" src="https://i5.walmartimages.com/asr/e4505711-af1f-4b62-b0ae-a28955b5cfee.6ea9392aadc3035191f76dfa9c1f7119.jpeg?odnHeight=576&amp;odnWidth=576&amp;odnBg=FFFFFF" width="" height="" class="absolute top-0 left-0" data-testid="productTileImage" alt="Chateau Ste. Michelle Washington Harvest Select Riesling Sweet White Wine, 750 ml Bottle"/></div><div class="z-2 absolute bottom--1"><div class="relative dib" data-id="141267848"><button class="w_hhLG w_8nsR w_jDfj pointer bn sans-serif b ph2 flex items-center justify-center w-auto shadow-1" type="button" data-pcss-hide="true" data-automation-id="add-to-cart" aria-label="Add to cart - Chateau Ste. Michelle Washington Harvest Select Riesling Sweet White Wine, 750 ml Bottle"><i class="ld ld-Plus" style="font-size:1.5rem;vertical-align:-0.25em;width:1.5rem;height:1.5rem;box-sizing:content-box" title="add to cart"></i><span class="mr2">Add</span></button></div></div></div><div class="mt5 mb0" style="height:24px" data-testid="variant-141267848"></div><div data-automation-id="product-price" class="flex flex-wrap justify-start items-center lh-title mb1-m"><div class="mr1 mr2-xl b black lh-copy f5 f4-l" aria-hidden="true">$8.98</div><span class="w_iUH7">current price $8.98</span><div class="gray mr1 f7 f6-l">35.4 ¢/fl oz</div></div><span class=""><span class="w_V_DM" style="-webkit-line-clamp:3;padding-bottom:0em;margin-bottom:-0em"><span data-automation-id="product-title" class="normal dark-gray mb0 mt1 lh-title f6 f5-l">Chateau Ste. Michelle Washington Harvest Select Riesling Sweet White Wine, 750 ml Bottle</span></span></span><div class="flex items-center mt2"><span class="black inline-flex mr1" data-testid="product-ratings" data-value="5"><i class="ld ld-StarFill" style="font-size:12px;vertical-align:-0.175em;width:12px;height:12px;box-sizing:content-box" aria-hidden="true"></i><i class="ld ld-StarFill" style="font-size:12px;vertical-align:-0.175em;width:12px;height:12px;box-sizing:content-box" aria-hidden="true"></i><i class="ld ld-StarFill" style="font-size:12px;vertical-align:-0.175em;width:12px;height:12px;box-sizing:content-box" aria-hidden="true"></i><i class="ld ld-StarFill" style="font-size:12px;vertical-align:-0.175em;width:12px;height:12px;box-sizing:content-box" aria-hidden="true"></i><i class="ld ld-StarFill" style="font-size:12px;vertical-align:-0.175em;width:12px;height:12px;box-sizing:content-box" aria-hidden="true"></i></span><span class="sans-serif gray f7" aria-hidden="true" data-testid="product-reviews" data-value="2">2</span><span class="w_iUH7">5 out of 5 Stars. 2 reviews</span></div><div></div><div class="mb2 mt2"><span class="w_iUH7">Available for Pickup or Delivery</span><span class="w_VbBP w_mFV6 w_I_19 w_3oNC w_AAn7 mr1 mt1 ph1" aria-hidden="true">Pickup</span><span class="w_VbBP w_mFV6 w_I_19 w_3oNC w_AAn7 mr1 mt1 ph1" aria-hidden="true">Delivery</span></div></div></li><li class="flex flex-column items-center pa1 pr2 pb2" data-slide="4"><div role="group" data-item-id="194263226" class="sans-serif mid-gray relative flex flex-column w-100 h-100 hide-child-opacity" data-testid="product-tile-4" aria-label="Product"><a link-identifier="194263226" class="absolute w-100 h-100 z-1 hide-sibling-opacity" target="" href="/ip/Stella-Rosa-Moscato-d-Asti-Semi-Sweet-White-Wine-750ml-Glass-Bottle-DOCG-Piedmont-Italy-Serving-Size-6oz/194263226?athcpid=194263226&amp;athpgid=AthenaContentPage_8604954&amp;athcgid=null&amp;athznid=ItemCarousel_d7642b82-7f47-4e0b-a5fc-de9a29842081_items&amp;athieid=v0&amp;athstid=CS020&amp;athguid=fZ0TNvxS86RnhOIMqZXwWGGGu40sBHjwnBkn&amp;athancid=null&amp;athena=true&amp;athbdg=L1600"><span class="w_iUH7"><h3>Stella Rosa Moscato d&#39;Asti Semi-Sweet White Wine 750ml Glass Bottle DOCG Piedmont Italy Serving Size 6oz</h3></span></a><div class="h2 relative mv2"><span class="w_VbBP w_mFV6 w_awtt w_3oNC w_3H8O tag-leading-badge absolute">Best seller</span></div><div class="relative"><div class="relative overflow-hidden" style="max-width:226px;height:0;padding-bottom:min(226px, 100%);align-self:center;width:min(226px, 100%)"><img loading="lazy" srcset="https://i5.walmartimages.com/asr/9f9d1c52-86c0-4430-909f-9dd6e8fd0572.2654160486107c184fc441daaa1022f4.jpeg?odnHeight=226&amp;odnWidth=226&amp;odnBg=FFFFFF 1x, https://i5.walmartimages.com/asr/9f9d1c52-86c0-4430-909f-9dd6e8fd0572.2654160486107c184fc441daaa1022f4.jpeg?odnHeight=576&amp;odnWidth=576&amp;odnBg=FFFFFF 2x" src="https://i5.walmartimages.com/asr/9f9d1c52-86c0-4430-909f-9dd6e8fd0572.2654160486107c184fc441daaa1022f4.jpeg?odnHeight=576&amp;odnWidth=576&amp;odnBg=FFFFFF" width="" height="" class="absolute top-0 left-0" data-testid="productTileImage" alt="Stella Rosa Moscato d&#39;Asti Semi-Sweet White Wine 750ml Glass Bottle DOCG Piedmont Italy Serving Size 6oz"/></div><div class="z-2 absolute bottom--1"><div class="relative dib" data-id="194263226"><button class="w_hhLG w_8nsR w_jDfj pointer bn sans-serif b ph2 flex items-center justify-center w-auto shadow-1" type="button" data-pcss-hide="true" data-automation-id="add-to-cart" aria-label="Add to cart - Stella Rosa Moscato d&#39;Asti Semi-Sweet White Wine 750ml Glass Bottle DOCG Piedmont Italy Serving Size 6oz"><i class="ld ld-Plus" style="font-size:1.5rem;vertical-align:-0.25em;width:1.5rem;height:1.5rem;box-sizing:content-box" title="add to cart"></i><span class="mr2">Add</span></button></div></div></div><div class="mt5 mb0" style="height:24px" data-testid="variant-194263226"></div><div data-automation-id="product-price" class="flex flex-wrap justify-start items-center lh-title mb1-m"><div class="mr1 mr2-xl b black lh-copy f5 f4-l" aria-hidden="true">$10.98</div><span class="w_iUH7">current price $10.98</span><div class="gray mr1 f7 f6-l">43.2 ¢/fl oz</div></div><span class=""><span class="w_V_DM" style="-webkit-line-clamp:3;padding-bottom:0em;margin-bottom:-0em"><span data-automation-id="product-title" class="normal dark-gray mb0 mt1 lh-title f6 f5-l">Stella Rosa Moscato d&#39;Asti Semi-Sweet White Wine 750ml Glass Bottle DOCG Piedmont Italy Serving Size 6oz</span></span></span><div class="flex items-center mt2"><span class="black inline-flex mr1" data-testid="product-ratings" data-value="4.8"><i class="ld ld-StarFill" style="font-size:12px;vertical-align:-0.175em;width:12px;height:12px;box-sizing:content-box" aria-hidden="true"></i><i class="ld ld-StarFill" style="font-size:12px;vertical-align:-0.175em;width:12px;height:12px;box-sizing:content-box" aria-hidden="true"></i><i class="ld ld-StarFill" style="font-size:12px;vertical-align:-0.175em;width:12px;height:12px;box-sizing:content-box" aria-hidden="true"></i><i class="ld ld-StarFill" style="font-size:12px;vertical-align:-0.175em;width:12px;height:12px;box-sizing:content-box" aria-hidden="true"></i><i class="ld ld-StarFill" style="font-size:12px;vertical-align:-0.175em;width:12px;height:12px;box-sizing:content-box" aria-hidden="true"></i></span><span class="sans-serif gray f7" aria-hidden="true" data-testid="product-reviews" data-value="98">98</span><span class="w_iUH7">4.8 out of 5 Stars. 98 reviews</span></div><div></div><div class="mb2 mt2"><span class="w_iUH7">Available for Pickup or Delivery</span><span class="w_VbBP w_mFV6 w_I_19 w_3oNC w_AAn7 mr1 mt1 ph1" aria-hidden="true">Pickup</span><span class="w_VbBP w_mFV6 w_I_19 w_3oNC w_AAn7 mr1 mt1 ph1" aria-hidden="true">Delivery</span></div></div></li><li class="flex flex-column items-center pa1 pr2 pb2" data-slide="5"><div role="group" data-item-id="694807873" class="sans-serif mid-gray relative flex flex-column w-100 h-100 hide-child-opacity" data-testid="product-tile-5" aria-label="Product"><a link-identifier="694807873" class="absolute w-100 h-100 z-1 hide-sibling-opacity" target="" href="/ip/Winemakers-Selection-Classic-Series-Moscato-California-White-Wine-750-ml-Glass-ABV-10-00/694807873?athcpid=694807873&amp;athpgid=AthenaContentPage_8604954&amp;athcgid=null&amp;athznid=ItemCarousel_d7642b82-7f47-4e0b-a5fc-de9a29842081_items&amp;athieid=v0&amp;athstid=CS020&amp;athguid=fZ0TNvxS86RnhOIMqZXwWGGGu40sBHjwnBkn&amp;athancid=null&amp;athena=true"><span class="w_iUH7"><h3>Winemakers Selection Classic Series Moscato California White Wine, 750 ml Glass, ABV 10.00%</h3></span></a><div class="h2 relative mv2"></div><div class="relative"><div class="relative overflow-hidden" style="max-width:226px;height:0;padding-bottom:min(226px, 100%);align-self:center;width:min(226px, 100%)"><img loading="lazy" srcset="https://i5.walmartimages.com/asr/69a5a4a5-67af-4359-909b-0cd7610caa41.3b9084ee08579e00799f6cab150cb299.jpeg?odnHeight=226&amp;odnWidth=226&amp;odnBg=FFFFFF 1x, https://i5.walmartimages.com/asr/69a5a4a5-67af-4359-909b-0cd7610caa41.3b9084ee08579e00799f6cab150cb299.jpeg?odnHeight=576&amp;odnWidth=576&amp;odnBg=FFFFFF 2x" src="https://i5.walmartimages.com/asr/69a5a4a5-67af-4359-909b-0cd7610caa41.3b9084ee08579e00799f6cab150cb299.jpeg?odnHeight=576&amp;odnWidth=576&amp;odnBg=FFFFFF" width="" height="" class="absolute top-0 left-0" data-testid="productTileImage" alt="Winemakers Selection Classic Series Moscato California White Wine, 750 ml Glass, ABV 10.00%"/></div><div class="z-2 absolute bottom--1"><div class="relative dib" data-id="694807873"><button class="w_hhLG w_8nsR w_jDfj pointer bn sans-serif b ph2 flex items-center justify-center w-auto shadow-1" type="button" data-pcss-hide="true" data-automation-id="add-to-cart" aria-label="Add to cart - Winemakers Selection Classic Series Moscato California White Wine, 750 ml Glass, ABV 10.00%"><i class="ld ld-Plus" style="font-size:1.5rem;vertical-align:-0.25em;width:1.5rem;height:1.5rem;box-sizing:content-box" title="add to cart"></i><span class="mr2">Add</span></button></div></div></div><div class="mt5 mb0" style="height:24px" data-testid="variant-694807873"></div><div data-automation-id="product-price" class="flex flex-wrap justify-start items-center lh-title mb1-m"><div class="mr1 mr2-xl b black lh-copy f5 f4-l" aria-hidden="true">$4.96</div><span class="w_iUH7">current price $4.96</span><div class="gray mr1 f7 f6-l">19.5 ¢/fl oz</div></div><span class=""><span class="w_V_DM" style="-webkit-line-clamp:3;padding-bottom:0em;margin-bottom:-0em"><span data-automation-id="product-title" class="normal dark-gray mb0 mt1 lh-title f6 f5-l">Winemakers Selection Classic Series Moscato California White Wine, 750 ml Glass, ABV 10.00%</span></span></span><div class="flex items-center mt2"><span class="black inline-flex mr1" data-testid="product-ratings" data-value="5"><i class="ld ld-StarFill" style="font-size:12px;vertical-align:-0.175em;width:12px;height:12px;box-sizing:content-box" aria-hidden="true"></i><i class="ld ld-StarFill" style="font-size:12px;vertical-align:-0.175em;width:12px;height:12px;box-sizing:content-box" aria-hidden="true"></i><i class="ld ld-StarFill" style="font-size:12px;vertical-align:-0.175em;width:12px;height:12px;box-sizing:content-box" aria-hidden="true"></i><i class="ld ld-StarFill" style="font-size:12px;vertical-align:-0.175em;width:12px;height:12px;box-sizing:content-box" aria-hidden="true"></i><i class="ld ld-StarFill" style="font-size:12px;vertical-align:-0.175em;width:12px;height:12px;box-sizing:content-box" aria-hidden="true"></i></span><span class="sans-serif gray f7" aria-hidden="true" data-testid="product-reviews" data-value="1">1</span><span class="w_iUH7">5 out of 5 Stars. 1 reviews</span></div><div></div><div class="mb2 mt2"><span class="w_iUH7">Available for Pickup or Delivery</span><span class="w_VbBP w_mFV6 w_I_19 w_3oNC w_AAn7 mr1 mt1 ph1" aria-hidden="true">Pickup</span><span class="w_VbBP w_mFV6 w_I_19 w_3oNC w_AAn7 mr1 mt1 ph1" aria-hidden="true">Delivery</span></div></div></li><li class="flex flex-column items-center pa1 pr2 pb2" data-slide="6"><div role="group" data-item-id="578212558" class="sans-serif mid-gray relative flex flex-column w-100 h-100 hide-child-opacity" data-testid="product-tile-6" aria-label="Product"><a link-identifier="578212558" class="absolute w-100 h-100 z-1 hide-sibling-opacity" target="" href="/ip/Barefoot-Fruitscato-Strawberry-Rose-Wine-California-750ml-Glass-Bottle/578212558?athcpid=578212558&amp;athpgid=AthenaContentPage_8604954&amp;athcgid=null&amp;athznid=ItemCarousel_d7642b82-7f47-4e0b-a5fc-de9a29842081_items&amp;athieid=v0&amp;athstid=CS020&amp;athguid=fZ0TNvxS86RnhOIMqZXwWGGGu40sBHjwnBkn&amp;athancid=null&amp;athena=true&amp;athbdg=L1600"><span class="w_iUH7"><h3>Barefoot Fruitscato Strawberry Rose Wine, California, 750ml Glass Bottle</h3></span></a><div class="h2 relative mv2"><span class="w_VbBP w_mFV6 w_awtt w_3oNC w_3H8O tag-leading-badge absolute">Best seller</span></div><div class="relative"><div class="relative overflow-hidden" style="max-width:226px;height:0;padding-bottom:min(226px, 100%);align-self:center;width:min(226px, 100%)"><img loading="lazy" srcset="https://i5.walmartimages.com/asr/97553537-5826-40af-bf6d-fb0b6024801f_1.0965e155e6a7d4297012b68fad387429.jpeg?odnHeight=226&amp;odnWidth=226&amp;odnBg=FFFFFF 1x, https://i5.walmartimages.com/asr/97553537-5826-40af-bf6d-fb0b6024801f_1.0965e155e6a7d4297012b68fad387429.jpeg?odnHeight=576&amp;odnWidth=576&amp;odnBg=FFFFFF 2x" src="https://i5.walmartimages.com/asr/97553537-5826-40af-bf6d-fb0b6024801f_1.0965e155e6a7d4297012b68fad387429.jpeg?odnHeight=576&amp;odnWidth=576&amp;odnBg=FFFFFF" width="" height="" class="absolute top-0 left-0" data-testid="productTileImage" alt="Barefoot Fruitscato Strawberry Rose Wine, California, 750ml Glass Bottle"/></div><div class="z-2 absolute bottom--1"><div class="relative dib" data-id="578212558"><button class="w_hhLG w_8nsR w_jDfj pointer bn sans-serif b ph2 flex items-center justify-center w-auto shadow-1" type="button" data-pcss-hide="true" data-automation-id="add-to-cart" aria-label="Add to cart - Barefoot Fruitscato Strawberry Rose Wine, California, 750ml Glass Bottle"><i class="ld ld-Plus" style="font-size:1.5rem;vertical-align:-0.25em;width:1.5rem;height:1.5rem;box-sizing:content-box" title="add to cart"></i><span class="mr2">Add</span></button></div></div></div><div class="mt5 mb0" style="height:24px" data-testid="variant-578212558"></div><div data-automation-id="product-price" class="flex flex-wrap justify-start items-center lh-title mb1-m"><div class="mr1 mr2-xl b black lh-copy f5 f4-l" aria-hidden="true">$5.98</div><span class="w_iUH7">current price $5.98</span><div class="gray mr1 f7 f6-l">23.6 ¢/fl oz</div></div><span class=""><span class="w_V_DM" style="-webkit-line-clamp:3;padding-bottom:0em;margin-bottom:-0em"><span data-automation-id="product-title" class="normal dark-gray mb0 mt1 lh-title f6 f5-l">Barefoot Fruitscato Strawberry Rose Wine, California, 750ml Glass Bottle</span></span></span><div class="flex items-center mt2"><span class="black inline-flex mr1" data-testid="product-ratings" data-value="5"><i class="ld ld-StarFill" style="font-size:12px;vertical-align:-0.175em;width:12px;height:12px;box-sizing:content-box" aria-hidden="true"></i><i class="ld ld-StarFill" style="font-size:12px;vertical-align:-0.175em;width:12px;height:12px;box-sizing:content-box" aria-hidden="true"></i><i class="ld ld-StarFill" style="font-size:12px;vertical-align:-0.175em;width:12px;height:12px;box-sizing:content-box" aria-hidden="true"></i><i class="ld ld-StarFill" style="font-size:12px;vertical-align:-0.175em;width:12px;height:12px;box-sizing:content-box" aria-hidden="true"></i><i class="ld ld-StarFill" style="font-size:12px;vertical-align:-0.175em;width:12px;height:12px;box-sizing:content-box" aria-hidden="true"></i></span><span class="sans-serif gray f7" aria-hidden="true" data-testid="product-reviews" data-value="4">4</span><span class="w_iUH7">5 out of 5 Stars. 4 reviews</span></div><div></div><div class="mb2 mt2"><span class="w_iUH7">Available for Pickup or Delivery</span><span class="w_VbBP w_mFV6 w_I_19 w_3oNC w_AAn7 mr1 mt1 ph1" aria-hidden="true">Pickup</span><span class="w_VbBP w_mFV6 w_I_19 w_3oNC w_AAn7 mr1 mt1 ph1" aria-hidden="true">Delivery</span></div></div></li></ul><a link-identifier="horizontalScrollerNext" class="absolute dn z-5 bg-white br-100 pa0 pointer db-l br-100 nav-control right-1" aria-label="Next slide for Product Carousel list" data-testid="horizontal-scroller-next" role="button"><i class="ld ld-ChevronRight" style="font-size:1.5rem;vertical-align:-0.25em;padding:12px;width:1.5rem;height:1.5rem;box-sizing:content-box"></i></a></div></section></section></div> <div class="mv3" role="region"><h2 class="mv4 f4">Host and Toast with the best.</h2><div class="flex justify-between items-center flex-row-reverse"><section class="w-50"><a link-identifier="Generic Name" class="h-100 w-100" aria-label="Shop now, Grab La Marca for your holiday celebration today!" id="anchor=self-id" href="https://www.walmart.com/cp/la-marca/1267392?povid=976759_1SKUand2SKU_8604954_GifttheBest_Shopnow_Rweb_Dec_6"><img loading="lazy" srcset="https://i5.walmartimages.com/dfw/4ff9c6c9-7248/k2-_80076b66-b53b-4bc1-88c0-99f967521dca.v1.jpg?odnHeight=470&amp;odnWidth=838&amp;odnBg=FFFFFF 1x, https://i5.walmartimages.com/dfw/4ff9c6c9-7248/k2-_80076b66-b53b-4bc1-88c0-99f967521dca.v1.jpg?odnHeight=940&amp;odnWidth=1676&amp;odnBg=FFFFFF 2x" class="h-100 w-100" alt="Host and Toast with the best.Grab La Marca for your holiday celebration today! Shop now" src="https://i5.walmartimages.com/dfw/4ff9c6c9-7248/k2-_80076b66-b53b-4bc1-88c0-99f967521dca.v1.jpg?odnHeight=470&amp;odnWidth=838&amp;odnBg=FFFFFF" height="470" width="838" aria-label="Shop now"/></a><div class="flex justify-between items-start items-center-m mt3-m"><p class="flex-start f6 black ma0 mr4 w-70">Grab La Marca for your holiday celebration today!</p><a link-identifier="Generic Name" class="flex-end f6 black tr w-30" aria-label="Shop now, Grab La Marca for your holiday celebration today!" href="https://www.walmart.com/cp/la-marca/1267392?povid=976759_1SKUand2SKU_8604954_GifttheBest_Shopnow_Rweb_Dec_6">Shop now</a></div></section><section class="w-50"><div class="center ml3 ml0-l ph3-m"><section><section><div class="flex flex-column justify-center relative" data-testid="horizontal-scroller-One and two sku"><a link-identifier="horizontalScrollerPrevious" class="absolute dn z-5 bg-white br-100 pa0 pointer hidden-child br-100 nav-control left-1" aria-label="Previous slide for One and two sku list" data-testid="horizontal-scroller-previous" role="button"><i class="ld ld-ChevronLeft" style="font-size:1.5rem;vertical-align:-0.25em;padding:12px;width:1.5rem;height:1.5rem;box-sizing:content-box"></i></a><ul style="display:grid;grid-auto-flow:column;scroll-snap-type:x mandatory;max-height:fit-content" class="list ma0 pl0 overflow-x-scroll hidesb hidesb-wk relative overflow-y-hidden carousel-peek-2 carousel-2 mh6" data-testid="carousel-container"><li class="flex flex-column items-center pa1 pr2 pb2 center-m w-70" data-slide="0"></li><li class="flex flex-column items-center pa1 pr2 pb2 center-m w-70" data-slide="1"></li><li class="flex flex-column items-center pa1 pr2 pb2 center-m w-70" data-slide="2"></li><li class="flex flex-column items-center pa1 pr2 pb2 center-m w-70" data-slide="3"></li></ul><a link-identifier="horizontalScrollerNext" class="absolute dn z-5 bg-white br-100 pa0 pointer db-l br-100 nav-control right-1" aria-label="Next slide for One and two sku list" data-testid="horizontal-scroller-next" role="button"><i class="ld ld-ChevronRight" style="font-size:1.5rem;vertical-align:-0.25em;padding:12px;width:1.5rem;height:1.5rem;box-sizing:content-box"></i></a></div></section></section></div></section></div></div> <div class="mv3 mv4-xl ml3 ml0-l bb b--near-white"><section><section><header class="flex justify-between mb3 mb2-m pr3 pr4-m pr0-xl items-baseline"><section style="flex:1"><div><div><div class="inline-flex "><h2 class="f4 f3-m lh-title ma0 ">Champagne &amp; sparkling wine</h2></div></div></div></section><a link-identifier="View all" class="black f6" href="https://www.walmart.com/browse/food/sparkling-wine/976759_2975985_8604954_2790604?povid=976759_itemcarousel_8604954_Champagneandsparklingwine_Viewall_Rweb_Oct_27">View all</a></header><div class="flex flex-column justify-center relative" data-testid="horizontal-scroller-Product Carousel"><a link-identifier="horizontalScrollerPrevious" class="absolute dn z-5 bg-white br-100 pa0 pointer hidden-child br-100 nav-control left-1" aria-label="Previous slide for Product Carousel list" data-testid="horizontal-scroller-previous" role="button"><i class="ld ld-ChevronLeft" style="font-size:1.5rem;vertical-align:-0.25em;padding:12px;width:1.5rem;height:1.5rem;box-sizing:content-box"></i></a><ul style="display:grid;grid-auto-flow:column;scroll-snap-type:x mandatory;max-height:fit-content" class="list ma0 pl0 overflow-x-scroll hidesb hidesb-wk relative overflow-y-hidden carousel-peek-2 carousel-6-l carousel-3-m pr3-m" data-testid="carousel-container"><li class="flex flex-column items-center pa1 pr2 pb2" data-slide="0"><div role="group" data-item-id="100705732" class="sans-serif mid-gray relative flex flex-column w-100 h-100 hide-child-opacity" data-testid="product-tile-0" aria-label="Product"><a link-identifier="100705732" class="absolute w-100 h-100 z-1 hide-sibling-opacity" target="" href="/ip/Veuve-Clicquot-Yellow-Label-Champagne-750-ml/100705732?athcpid=100705732&amp;athpgid=AthenaContentPage_8604954&amp;athcgid=null&amp;athznid=ItemCarousel_98e14f4a-fa4f-4579-925a-fbf7fa99c3a2_items&amp;athieid=v0&amp;athstid=CS020&amp;athguid=fZ0TNvxS86RnhOIMqZXwWGGGu40sBHjwnBkn&amp;athancid=null&amp;athena=true"><span class="w_iUH7"><h3>Veuve Clicquot Yellow Label Champagne, 750 ml</h3></span></a><div class="h2 relative mv2"></div><div class="relative"><div class="relative overflow-hidden" style="max-width:226px;height:0;padding-bottom:min(226px, 100%);align-self:center;width:min(226px, 100%)"><img loading="lazy" srcset="https://i5.walmartimages.com/asr/ee7a80fc-7216-4d00-8110-d95002c6f602.89134c5bfb2c08886f9e04c0f4fcdfd2.jpeg?odnHeight=226&amp;odnWidth=226&amp;odnBg=FFFFFF 1x, https://i5.walmartimages.com/asr/ee7a80fc-7216-4d00-8110-d95002c6f602.89134c5bfb2c08886f9e04c0f4fcdfd2.jpeg?odnHeight=576&amp;odnWidth=576&amp;odnBg=FFFFFF 2x" src="https://i5.walmartimages.com/asr/ee7a80fc-7216-4d00-8110-d95002c6f602.89134c5bfb2c08886f9e04c0f4fcdfd2.jpeg?odnHeight=576&amp;odnWidth=576&amp;odnBg=FFFFFF" width="" height="" class="absolute top-0 left-0" data-testid="productTileImage" alt="Veuve Clicquot Yellow Label Champagne, 750 ml"/></div><div class="z-2 absolute bottom--1"><div class="relative dib" data-id="100705732"><button class="w_hhLG w_8nsR w_jDfj pointer bn sans-serif b ph2 flex items-center justify-center w-auto shadow-1" type="button" data-pcss-hide="true" data-automation-id="add-to-cart" aria-label="Add to cart - Veuve Clicquot Yellow Label Champagne, 750 ml"><i class="ld ld-Plus" style="font-size:1.5rem;vertical-align:-0.25em;width:1.5rem;height:1.5rem;box-sizing:content-box" title="add to cart"></i><span class="mr2">Add</span></button></div></div></div><div class="mt5 mb0" style="height:24px" data-testid="variant-100705732"></div><div data-automation-id="product-price" class="flex flex-wrap justify-start items-center lh-title mb1-m"><div class="mr1 mr2-xl b black lh-copy f5 f4-l" aria-hidden="true">$59.98</div><span class="w_iUH7">current price $59.98</span><div class="gray mr1 f7 f6-l">$2.37/fl oz</div></div><span class=""><span class="w_V_DM" style="-webkit-line-clamp:3;padding-bottom:0em;margin-bottom:-0em"><span data-automation-id="product-title" class="normal dark-gray mb0 mt1 lh-title f6 f5-l">Veuve Clicquot Yellow Label Champagne, 750 ml</span></span></span><div class="flex items-center mt2"><span class="black inline-flex mr1" data-testid="product-ratings" data-value="4.9"><i class="ld ld-StarFill" style="font-size:12px;vertical-align:-0.175em;width:12px;height:12px;box-sizing:content-box" aria-hidden="true"></i><i class="ld ld-StarFill" style="font-size:12px;vertical-align:-0.175em;width:12px;height:12px;box-sizing:content-box" aria-hidden="true"></i><i class="ld ld-StarFill" style="font-size:12px;vertical-align:-0.175em;width:12px;height:12px;box-sizing:content-box" aria-hidden="true"></i><i class="ld ld-StarFill" style="font-size:12px;vertical-align:-0.175em;width:12px;height:12px;box-sizing:content-box" aria-hidden="true"></i><i class="ld ld-StarFill" style="font-size:12px;vertical-align:-0.175em;width:12px;height:12px;box-sizing:content-box" aria-hidden="true"></i></span><span class="sans-serif gray f7" aria-hidden="true" data-testid="product-reviews" data-value="45">45</span><span class="w_iUH7">4.9 out of 5 Stars. 45 reviews</span></div><div></div><div class="mb2 mt2"><span class="w_iUH7">Available for Pickup or Delivery</span><span class="w_VbBP w_mFV6 w_I_19 w_3oNC w_AAn7 mr1 mt1 ph1" aria-hidden="true">Pickup</span><span class="w_VbBP w_mFV6 w_I_19 w_3oNC w_AAn7 mr1 mt1 ph1" aria-hidden="true">Delivery</span></div></div></li><li class="flex flex-column items-center pa1 pr2 pb2" data-slide="1"><div role="group" data-item-id="122347458" class="sans-serif mid-gray relative flex flex-column w-100 h-100 hide-child-opacity" data-testid="product-tile-1" aria-label="Product"><a link-identifier="122347458" class="absolute w-100 h-100 z-1 hide-sibling-opacity" target="" href="/ip/La-Marca-Prosecco-Sparkling-Wine-750ml-Glass-Bottle-Product-of-Italy/122347458?athcpid=122347458&amp;athpgid=AthenaContentPage_8604954&amp;athcgid=null&amp;athznid=ItemCarousel_98e14f4a-fa4f-4579-925a-fbf7fa99c3a2_items&amp;athieid=v0&amp;athstid=CS020&amp;athguid=fZ0TNvxS86RnhOIMqZXwWGGGu40sBHjwnBkn&amp;athancid=null&amp;athena=true&amp;athbdg=L1600"><span class="w_iUH7"><h3>La Marca Prosecco Sparkling Wine, 750ml Glass Bottle, Product of Italy</h3></span></a><div class="h2 relative mv2"><span class="w_VbBP w_mFV6 w_awtt w_3oNC w_3H8O tag-leading-badge absolute">Best seller</span></div><div class="relative"><div class="relative overflow-hidden" style="max-width:226px;height:0;padding-bottom:min(226px, 100%);align-self:center;width:min(226px, 100%)"><img loading="lazy" srcset="https://i5.walmartimages.com/asr/1f05f8b1-1078-4a56-a910-a63f82a01e85_1.7821bc09b28c532952352a9563ff5228.jpeg?odnHeight=226&amp;odnWidth=226&amp;odnBg=FFFFFF 1x, https://i5.walmartimages.com/asr/1f05f8b1-1078-4a56-a910-a63f82a01e85_1.7821bc09b28c532952352a9563ff5228.jpeg?odnHeight=576&amp;odnWidth=576&amp;odnBg=FFFFFF 2x" src="https://i5.walmartimages.com/asr/1f05f8b1-1078-4a56-a910-a63f82a01e85_1.7821bc09b28c532952352a9563ff5228.jpeg?odnHeight=576&amp;odnWidth=576&amp;odnBg=FFFFFF" width="" height="" class="absolute top-0 left-0" data-testid="productTileImage" alt="La Marca Prosecco Sparkling Wine, 750ml Glass Bottle, Product of Italy"/></div><div class="z-2 absolute bottom--1"><div class="relative dib" data-id="122347458"><button class="w_hhLG w_8nsR w_jDfj pointer bn sans-serif b ph2 flex items-center justify-center w-auto shadow-1" type="button" data-pcss-hide="true" data-automation-id="add-to-cart" aria-label="Add to cart - La Marca Prosecco Sparkling Wine, 750ml Glass Bottle, Product of Italy"><i class="ld ld-Plus" style="font-size:1.5rem;vertical-align:-0.25em;width:1.5rem;height:1.5rem;box-sizing:content-box" title="add to cart"></i><span class="mr2">Add</span></button></div></div></div><div class="mt5 mb0" style="height:24px" data-testid="variant-122347458"></div><div data-automation-id="product-price" class="flex flex-wrap justify-start items-center lh-title mb1-m"><div class="mr1 mr2-xl b black lh-copy f5 f4-l" aria-hidden="true">$14.98</div><span class="w_iUH7">current price $14.98</span><div class="gray mr1 f7 f6-l">59.0 ¢/fl oz</div></div><span class=""><span class="w_V_DM" style="-webkit-line-clamp:3;padding-bottom:0em;margin-bottom:-0em"><span data-automation-id="product-title" class="normal dark-gray mb0 mt1 lh-title f6 f5-l">La Marca Prosecco Sparkling Wine, 750ml Glass Bottle, Product of Italy</span></span></span><div class="flex items-center mt2"><span class="black inline-flex mr1" data-testid="product-ratings" data-value="4.8"><i class="ld ld-StarFill" style="font-size:12px;vertical-align:-0.175em;width:12px;height:12px;box-sizing:content-box" aria-hidden="true"></i><i class="ld ld-StarFill" style="font-size:12px;vertical-align:-0.175em;width:12px;height:12px;box-sizing:content-box" aria-hidden="true"></i><i class="ld ld-StarFill" style="font-size:12px;vertical-align:-0.175em;width:12px;height:12px;box-sizing:content-box" aria-hidden="true"></i><i class="ld ld-StarFill" style="font-size:12px;vertical-align:-0.175em;width:12px;height:12px;box-sizing:content-box" aria-hidden="true"></i><i class="ld ld-StarFill" style="font-size:12px;vertical-align:-0.175em;width:12px;height:12px;box-sizing:content-box" aria-hidden="true"></i></span><span class="sans-serif gray f7" aria-hidden="true" data-testid="product-reviews" data-value="392">392</span><span class="w_iUH7">4.8 out of 5 Stars. 392 reviews</span></div><div></div><div class="mb2 mt2"><span class="w_iUH7">Available for Pickup or Delivery</span><span class="w_VbBP w_mFV6 w_I_19 w_3oNC w_AAn7 mr1 mt1 ph1" aria-hidden="true">Pickup</span><span class="w_VbBP w_mFV6 w_I_19 w_3oNC w_AAn7 mr1 mt1 ph1" aria-hidden="true">Delivery</span></div></div></li><li class="flex flex-column items-center pa1 pr2 pb2" data-slide="2"><div role="group" data-item-id="10984583" class="sans-serif mid-gray relative flex flex-column w-100 h-100 hide-child-opacity" data-testid="product-tile-2" aria-label="Product"><a link-identifier="10984583" class="absolute w-100 h-100 z-1 hide-sibling-opacity" target="" href="/ip/Andre-Champagne-Brut-California-Sparkling-Wine-Single-750ml-Glass-Bottle/10984583?athcpid=10984583&amp;athpgid=AthenaContentPage_8604954&amp;athcgid=null&amp;athznid=ItemCarousel_98e14f4a-fa4f-4579-925a-fbf7fa99c3a2_items&amp;athieid=v0&amp;athstid=CS020&amp;athguid=fZ0TNvxS86RnhOIMqZXwWGGGu40sBHjwnBkn&amp;athancid=null&amp;athena=true&amp;athbdg=L1600"><span class="w_iUH7"><h3>Andre Champagne Brut, California Sparkling Wine, Single 750ml Glass Bottle</h3></span></a><div class="h2 relative mv2"><span class="w_VbBP w_mFV6 w_awtt w_3oNC w_3H8O tag-leading-badge absolute">Best seller</span></div><div class="relative"><div class="relative overflow-hidden" style="max-width:226px;height:0;padding-bottom:min(226px, 100%);align-self:center;width:min(226px, 100%)"><img loading="lazy" srcset="https://i5.walmartimages.com/asr/2bb0c0ba-4916-40c4-b10e-472f53a085f8.e57f1591955c9b727dee23121e83d970.jpeg?odnHeight=226&amp;odnWidth=226&amp;odnBg=FFFFFF 1x, https://i5.walmartimages.com/asr/2bb0c0ba-4916-40c4-b10e-472f53a085f8.e57f1591955c9b727dee23121e83d970.jpeg?odnHeight=576&amp;odnWidth=576&amp;odnBg=FFFFFF 2x" src="https://i5.walmartimages.com/asr/2bb0c0ba-4916-40c4-b10e-472f53a085f8.e57f1591955c9b727dee23121e83d970.jpeg?odnHeight=576&amp;odnWidth=576&amp;odnBg=FFFFFF" width="" height="" class="absolute top-0 left-0" data-testid="productTileImage" alt="Andre Champagne Brut, California Sparkling Wine, Single 750ml Glass Bottle"/></div><div class="z-2 absolute bottom--1"><div class="relative dib" data-id="10984583"><button class="w_hhLG w_8nsR w_jDfj pointer bn sans-serif b ph2 flex items-center justify-center w-auto shadow-1" type="button" data-pcss-hide="true" data-automation-id="add-to-cart" aria-label="Add to cart - Andre Champagne Brut, California Sparkling Wine, Single 750ml Glass Bottle"><i class="ld ld-Plus" style="font-size:1.5rem;vertical-align:-0.25em;width:1.5rem;height:1.5rem;box-sizing:content-box" title="add to cart"></i><span class="mr2">Add</span></button></div></div></div><div class="mt5 mb0" style="height:24px" data-testid="variant-10984583"></div><div data-automation-id="product-price" class="flex flex-wrap justify-start items-center lh-title mb1-m"><div class="mr1 mr2-xl b black lh-copy f5 f4-l" aria-hidden="true">$5.48</div><span class="w_iUH7">current price $5.48</span><div class="gray mr1 f7 f6-l">21.6 ¢/fl oz</div></div><span class=""><span class="w_V_DM" style="-webkit-line-clamp:3;padding-bottom:0em;margin-bottom:-0em"><span data-automation-id="product-title" class="normal dark-gray mb0 mt1 lh-title f6 f5-l">Andre Champagne Brut, California Sparkling Wine, Single 750ml Glass Bottle</span></span></span><div class="flex items-center mt2"><span class="black inline-flex mr1" data-testid="product-ratings" data-value="4.4"><i class="ld ld-StarFill" style="font-size:12px;vertical-align:-0.175em;width:12px;height:12px;box-sizing:content-box" aria-hidden="true"></i><i class="ld ld-StarFill" style="font-size:12px;vertical-align:-0.175em;width:12px;height:12px;box-sizing:content-box" aria-hidden="true"></i><i class="ld ld-StarFill" style="font-size:12px;vertical-align:-0.175em;width:12px;height:12px;box-sizing:content-box" aria-hidden="true"></i><i class="ld ld-StarFill" style="font-size:12px;vertical-align:-0.175em;width:12px;height:12px;box-sizing:content-box" aria-hidden="true"></i><i class="ld ld-StarHalf" style="font-size:12px;vertical-align:-0.175em;width:12px;height:12px;box-sizing:content-box" aria-hidden="true"></i></span><span class="sans-serif gray f7" aria-hidden="true" data-testid="product-reviews" data-value="215">215</span><span class="w_iUH7">4.4 out of 5 Stars. 215 reviews</span></div><div></div><div class="mb2 mt2"><span class="w_iUH7">Available for Pickup or Delivery</span><span class="w_VbBP w_mFV6 w_I_19 w_3oNC w_AAn7 mr1 mt1 ph1" aria-hidden="true">Pickup</span><span class="w_VbBP w_mFV6 w_I_19 w_3oNC w_AAn7 mr1 mt1 ph1" aria-hidden="true">Delivery</span></div></div></li><li class="flex flex-column items-center pa1 pr2 pb2" data-slide="3"><div role="group" data-item-id="10984584" class="sans-serif mid-gray relative flex flex-column w-100 h-100 hide-child-opacity" data-testid="product-tile-3" aria-label="Product"><a link-identifier="10984584" class="absolute w-100 h-100 z-1 hide-sibling-opacity" target="" href="/ip/Andre-Champagne-Extra-Dry-Sparkling-Wine-California-Single-750ml-Glass-Bottle/10984584?athcpid=10984584&amp;athpgid=AthenaContentPage_8604954&amp;athcgid=null&amp;athznid=ItemCarousel_98e14f4a-fa4f-4579-925a-fbf7fa99c3a2_items&amp;athieid=v0&amp;athstid=CS020&amp;athguid=fZ0TNvxS86RnhOIMqZXwWGGGu40sBHjwnBkn&amp;athancid=null&amp;athena=true&amp;athbdg=L1600"><span class="w_iUH7"><h3>Andre Champagne Extra Dry Sparkling Wine, California,  Single 750ml Glass Bottle</h3></span></a><div class="h2 relative mv2"><span class="w_VbBP w_mFV6 w_awtt w_3oNC w_3H8O tag-leading-badge absolute">Best seller</span></div><div class="relative"><div class="relative overflow-hidden" style="max-width:226px;height:0;padding-bottom:min(226px, 100%);align-self:center;width:min(226px, 100%)"><img loading="lazy" srcset="https://i5.walmartimages.com/asr/ec1536ca-d9f0-4579-81bf-ce26836f7ee3.266304a308dfabd47d687dc637394c50.jpeg?odnHeight=226&amp;odnWidth=226&amp;odnBg=FFFFFF 1x, https://i5.walmartimages.com/asr/ec1536ca-d9f0-4579-81bf-ce26836f7ee3.266304a308dfabd47d687dc637394c50.jpeg?odnHeight=576&amp;odnWidth=576&amp;odnBg=FFFFFF 2x" src="https://i5.walmartimages.com/asr/ec1536ca-d9f0-4579-81bf-ce26836f7ee3.266304a308dfabd47d687dc637394c50.jpeg?odnHeight=576&amp;odnWidth=576&amp;odnBg=FFFFFF" width="" height="" class="absolute top-0 left-0" data-testid="productTileImage" alt="Andre Champagne Extra Dry Sparkling Wine, California,  Single 750ml Glass Bottle"/></div><div class="z-2 absolute bottom--1"><div class="relative dib" data-id="10984584"><button class="w_hhLG w_8nsR w_jDfj pointer bn sans-serif b ph2 flex items-center justify-center w-auto shadow-1" type="button" data-pcss-hide="true" data-automation-id="add-to-cart" aria-label="Add to cart - Andre Champagne Extra Dry Sparkling Wine, California,  Single 750ml Glass Bottle"><i class="ld ld-Plus" style="font-size:1.5rem;vertical-align:-0.25em;width:1.5rem;height:1.5rem;box-sizing:content-box" title="add to cart"></i><span class="mr2">Add</span></button></div></div></div><div class="mt5 mb0" style="height:24px" data-testid="variant-10984584"></div><div data-automation-id="product-price" class="flex flex-wrap justify-start items-center lh-title mb1-m"><div class="mr1 mr2-xl b black lh-copy f5 f4-l" aria-hidden="true">$5.48</div><span class="w_iUH7">current price $5.48</span><div class="gray mr1 f7 f6-l">21.7 ¢/fl oz</div></div><span class=""><span class="w_V_DM" style="-webkit-line-clamp:3;padding-bottom:0em;margin-bottom:-0em"><span data-automation-id="product-title" class="normal dark-gray mb0 mt1 lh-title f6 f5-l">Andre Champagne Extra Dry Sparkling Wine, California,  Single 750ml Glass Bottle</span></span></span><div class="flex items-center mt2"><span class="black inline-flex mr1" data-testid="product-ratings" data-value="4.5"><i class="ld ld-StarFill" style="font-size:12px;vertical-align:-0.175em;width:12px;height:12px;box-sizing:content-box" aria-hidden="true"></i><i class="ld ld-StarFill" style="font-size:12px;vertical-align:-0.175em;width:12px;height:12px;box-sizing:content-box" aria-hidden="true"></i><i class="ld ld-StarFill" style="font-size:12px;vertical-align:-0.175em;width:12px;height:12px;box-sizing:content-box" aria-hidden="true"></i><i class="ld ld-StarFill" style="font-size:12px;vertical-align:-0.175em;width:12px;height:12px;box-sizing:content-box" aria-hidden="true"></i><i class="ld ld-StarHalf" style="font-size:12px;vertical-align:-0.175em;width:12px;height:12px;box-sizing:content-box" aria-hidden="true"></i></span><span class="sans-serif gray f7" aria-hidden="true" data-testid="product-reviews" data-value="87">87</span><span class="w_iUH7">4.5 out of 5 Stars. 87 reviews</span></div><div></div><div class="mb2 mt2"><span class="w_iUH7">Available for Pickup or Delivery</span><span class="w_VbBP w_mFV6 w_I_19 w_3oNC w_AAn7 mr1 mt1 ph1" aria-hidden="true">Pickup</span><span class="w_VbBP w_mFV6 w_I_19 w_3oNC w_AAn7 mr1 mt1 ph1" aria-hidden="true">Delivery</span></div></div></li><li class="flex flex-column items-center pa1 pr2 pb2" data-slide="4"><div role="group" data-item-id="10984566" class="sans-serif mid-gray relative flex flex-column w-100 h-100 hide-child-opacity" data-testid="product-tile-4" aria-label="Product"><a link-identifier="10984566" class="absolute w-100 h-100 z-1 hide-sibling-opacity" target="" href="/ip/Cook-s-California-Champagne-Brut-White-Sparkling-Wine-750-ml-Bottle-11-5-ABV/10984566?athcpid=10984566&amp;athpgid=AthenaContentPage_8604954&amp;athcgid=null&amp;athznid=ItemCarousel_98e14f4a-fa4f-4579-925a-fbf7fa99c3a2_items&amp;athieid=v0&amp;athstid=CS020&amp;athguid=fZ0TNvxS86RnhOIMqZXwWGGGu40sBHjwnBkn&amp;athancid=null&amp;athena=true&amp;athbdg=L1600"><span class="w_iUH7"><h3>Cook&#39;s California Champagne Brut White Sparkling Wine, 750 ml Bottle, 11.5% ABV</h3></span></a><div class="h2 relative mv2"><span class="w_VbBP w_mFV6 w_awtt w_3oNC w_3H8O tag-leading-badge absolute">Best seller</span></div><div class="relative"><div class="relative overflow-hidden" style="max-width:226px;height:0;padding-bottom:min(226px, 100%);align-self:center;width:min(226px, 100%)"><img loading="lazy" srcset="https://i5.walmartimages.com/asr/90327d22-06f2-4943-bca5-ebafb5128cc9.2fa3ea76b52e2577cfb9fea2e897e46d.jpeg?odnHeight=226&amp;odnWidth=226&amp;odnBg=FFFFFF 1x, https://i5.walmartimages.com/asr/90327d22-06f2-4943-bca5-ebafb5128cc9.2fa3ea76b52e2577cfb9fea2e897e46d.jpeg?odnHeight=576&amp;odnWidth=576&amp;odnBg=FFFFFF 2x" src="https://i5.walmartimages.com/asr/90327d22-06f2-4943-bca5-ebafb5128cc9.2fa3ea76b52e2577cfb9fea2e897e46d.jpeg?odnHeight=576&amp;odnWidth=576&amp;odnBg=FFFFFF" width="" height="" class="absolute top-0 left-0" data-testid="productTileImage" alt="Cook&#39;s California Champagne Brut White Sparkling Wine, 750 ml Bottle, 11.5% ABV"/></div><div class="z-2 absolute bottom--1"><div class="relative dib" data-id="10984566"><button class="w_hhLG w_8nsR w_jDfj pointer bn sans-serif b ph2 flex items-center justify-center w-auto shadow-1" type="button" data-pcss-hide="true" data-automation-id="add-to-cart" aria-label="Add to cart - Cook&#39;s California Champagne Brut White Sparkling Wine, 750 ml Bottle, 11.5% ABV"><i class="ld ld-Plus" style="font-size:1.5rem;vertical-align:-0.25em;width:1.5rem;height:1.5rem;box-sizing:content-box" title="add to cart"></i><span class="mr2">Add</span></button></div></div></div><div class="mt5 mb0" style="height:24px" data-testid="variant-10984566"></div><div data-automation-id="product-price" class="flex flex-wrap justify-start items-center lh-title mb1-m"><div class="mr1 mr2-xl b black lh-copy f5 f4-l" aria-hidden="true">$7.98</div><span class="w_iUH7">current price $7.98</span><div class="gray mr1 f7 f6-l">31.5 ¢/fl oz</div></div><span class=""><span class="w_V_DM" style="-webkit-line-clamp:3;padding-bottom:0em;margin-bottom:-0em"><span data-automation-id="product-title" class="normal dark-gray mb0 mt1 lh-title f6 f5-l">Cook&#39;s California Champagne Brut White Sparkling Wine, 750 ml Bottle, 11.5% ABV</span></span></span><div class="flex items-center mt2"><span class="black inline-flex mr1" data-testid="product-ratings" data-value="4.4"><i class="ld ld-StarFill" style="font-size:12px;vertical-align:-0.175em;width:12px;height:12px;box-sizing:content-box" aria-hidden="true"></i><i class="ld ld-StarFill" style="font-size:12px;vertical-align:-0.175em;width:12px;height:12px;box-sizing:content-box" aria-hidden="true"></i><i class="ld ld-StarFill" style="font-size:12px;vertical-align:-0.175em;width:12px;height:12px;box-sizing:content-box" aria-hidden="true"></i><i class="ld ld-StarFill" style="font-size:12px;vertical-align:-0.175em;width:12px;height:12px;box-sizing:content-box" aria-hidden="true"></i><i class="ld ld-StarHalf" style="font-size:12px;vertical-align:-0.175em;width:12px;height:12px;box-sizing:content-box" aria-hidden="true"></i></span><span class="sans-serif gray f7" aria-hidden="true" data-testid="product-reviews" data-value="86">86</span><span class="w_iUH7">4.4 out of 5 Stars. 86 reviews</span></div><div></div><div class="mb2 mt2"><span class="w_iUH7">Available for Pickup or Delivery</span><span class="w_VbBP w_mFV6 w_I_19 w_3oNC w_AAn7 mr1 mt1 ph1" aria-hidden="true">Pickup</span><span class="w_VbBP w_mFV6 w_I_19 w_3oNC w_AAn7 mr1 mt1 ph1" aria-hidden="true">Delivery</span></div></div></li><li class="flex flex-column items-center pa1 pr2 pb2" data-slide="5"><div role="group" data-item-id="184632548" class="sans-serif mid-gray relative flex flex-column w-100 h-100 hide-child-opacity" data-testid="product-tile-5" aria-label="Product"><a link-identifier="184632548" class="absolute w-100 h-100 z-1 hide-sibling-opacity" target="" href="/ip/Barefoot-Bubbly-Pink-Moscato-California-Champagne-Wine-750ml-Glass-Bottle/184632548?athcpid=184632548&amp;athpgid=AthenaContentPage_8604954&amp;athcgid=null&amp;athznid=ItemCarousel_98e14f4a-fa4f-4579-925a-fbf7fa99c3a2_items&amp;athieid=v0&amp;athstid=CS020&amp;athguid=fZ0TNvxS86RnhOIMqZXwWGGGu40sBHjwnBkn&amp;athancid=null&amp;athena=true&amp;athbdg=L1600"><span class="w_iUH7"><h3>Barefoot Bubbly Pink Moscato California Champagne Wine, 750ml Glass Bottle</h3></span></a><div class="h2 relative mv2"><span class="w_VbBP w_mFV6 w_awtt w_3oNC w_3H8O tag-leading-badge absolute">Best seller</span></div><div class="relative"><div class="relative overflow-hidden" style="max-width:226px;height:0;padding-bottom:min(226px, 100%);align-self:center;width:min(226px, 100%)"><img loading="lazy" srcset="https://i5.walmartimages.com/asr/50e01fed-b258-4ac4-bc36-9f8636228d94_2.7ad28f2d3f604d48848d0edc97b5cff9.jpeg?odnHeight=226&amp;odnWidth=226&amp;odnBg=FFFFFF 1x, https://i5.walmartimages.com/asr/50e01fed-b258-4ac4-bc36-9f8636228d94_2.7ad28f2d3f604d48848d0edc97b5cff9.jpeg?odnHeight=576&amp;odnWidth=576&amp;odnBg=FFFFFF 2x" src="https://i5.walmartimages.com/asr/50e01fed-b258-4ac4-bc36-9f8636228d94_2.7ad28f2d3f604d48848d0edc97b5cff9.jpeg?odnHeight=576&amp;odnWidth=576&amp;odnBg=FFFFFF" width="" height="" class="absolute top-0 left-0" data-testid="productTileImage" alt="Barefoot Bubbly Pink Moscato California Champagne Wine, 750ml Glass Bottle"/></div><div class="z-2 absolute bottom--1"><div class="relative dib" data-id="184632548"><button class="w_hhLG w_8nsR w_jDfj pointer bn sans-serif b ph2 flex items-center justify-center w-auto shadow-1" type="button" data-pcss-hide="true" data-automation-id="add-to-cart" aria-label="Add to cart - Barefoot Bubbly Pink Moscato California Champagne Wine, 750ml Glass Bottle"><i class="ld ld-Plus" style="font-size:1.5rem;vertical-align:-0.25em;width:1.5rem;height:1.5rem;box-sizing:content-box" title="add to cart"></i><span class="mr2">Add</span></button></div></div></div><div class="mt5 mb0" style="height:24px" data-testid="variant-184632548"></div><div data-automation-id="product-price" class="flex flex-wrap justify-start items-center lh-title mb1-m"><div class="mr1 mr2-xl b black lh-copy f5 f4-l" aria-hidden="true">$9.98</div><span class="w_iUH7">current price $9.98</span><div class="gray mr1 f7 f6-l">39.3 ¢/fl oz</div></div><span class=""><span class="w_V_DM" style="-webkit-line-clamp:3;padding-bottom:0em;margin-bottom:-0em"><span data-automation-id="product-title" class="normal dark-gray mb0 mt1 lh-title f6 f5-l">Barefoot Bubbly Pink Moscato California Champagne Wine, 750ml Glass Bottle</span></span></span><div class="flex items-center mt2"><span class="black inline-flex mr1" data-testid="product-ratings" data-value="4.6"><i class="ld ld-StarFill" style="font-size:12px;vertical-align:-0.175em;width:12px;height:12px;box-sizing:content-box" aria-hidden="true"></i><i class="ld ld-StarFill" style="font-size:12px;vertical-align:-0.175em;width:12px;height:12px;box-sizing:content-box" aria-hidden="true"></i><i class="ld ld-StarFill" style="font-size:12px;vertical-align:-0.175em;width:12px;height:12px;box-sizing:content-box" aria-hidden="true"></i><i class="ld ld-StarFill" style="font-size:12px;vertical-align:-0.175em;width:12px;height:12px;box-sizing:content-box" aria-hidden="true"></i><i class="ld ld-StarHalf" style="font-size:12px;vertical-align:-0.175em;width:12px;height:12px;box-sizing:content-box" aria-hidden="true"></i></span><span class="sans-serif gray f7" aria-hidden="true" data-testid="product-reviews" data-value="996">996</span><span class="w_iUH7">4.6 out of 5 Stars. 996 reviews</span></div><div></div><div class="mb2 mt2"><span class="w_iUH7">Available for Pickup or Delivery</span><span class="w_VbBP w_mFV6 w_I_19 w_3oNC w_AAn7 mr1 mt1 ph1" aria-hidden="true">Pickup</span><span class="w_VbBP w_mFV6 w_I_19 w_3oNC w_AAn7 mr1 mt1 ph1" aria-hidden="true">Delivery</span></div></div></li><li class="flex flex-column items-center pa1 pr2 pb2" data-slide="6"><div role="group" data-item-id="10984453" class="sans-serif mid-gray relative flex flex-column w-100 h-100 hide-child-opacity" data-testid="product-tile-6" aria-label="Product"><a link-identifier="10984453" class="absolute w-100 h-100 z-1 hide-sibling-opacity" target="" href="/ip/Martini-Rossi-Asti-Sparkling-Wine-750-mL/10984453?athcpid=10984453&amp;athpgid=AthenaContentPage_8604954&amp;athcgid=null&amp;athznid=ItemCarousel_98e14f4a-fa4f-4579-925a-fbf7fa99c3a2_items&amp;athieid=v0&amp;athstid=CS020&amp;athguid=fZ0TNvxS86RnhOIMqZXwWGGGu40sBHjwnBkn&amp;athancid=null&amp;athena=true"><span class="w_iUH7"><h3>Martini &amp; Rossi Asti Sparkling Wine, 750 mL</h3></span></a><div class="h2 relative mv2"></div><div class="relative"><div class="relative overflow-hidden" style="max-width:226px;height:0;padding-bottom:min(226px, 100%);align-self:center;width:min(226px, 100%)"><img loading="lazy" srcset="https://i5.walmartimages.com/asr/5fe39bc6-5027-41da-9452-ef4ec8e3b776_1.e79c379c209c10c2e939aa552718b78b.jpeg?odnHeight=226&amp;odnWidth=226&amp;odnBg=FFFFFF 1x, https://i5.walmartimages.com/asr/5fe39bc6-5027-41da-9452-ef4ec8e3b776_1.e79c379c209c10c2e939aa552718b78b.jpeg?odnHeight=576&amp;odnWidth=576&amp;odnBg=FFFFFF 2x" src="https://i5.walmartimages.com/asr/5fe39bc6-5027-41da-9452-ef4ec8e3b776_1.e79c379c209c10c2e939aa552718b78b.jpeg?odnHeight=576&amp;odnWidth=576&amp;odnBg=FFFFFF" width="" height="" class="absolute top-0 left-0" data-testid="productTileImage" alt="Martini &amp; Rossi Asti Sparkling Wine, 750 mL"/></div><div class="z-2 absolute bottom--1"><div class="relative dib" data-id="10984453"><button class="w_hhLG w_8nsR w_jDfj pointer bn sans-serif b ph2 flex items-center justify-center w-auto shadow-1" type="button" data-pcss-hide="true" data-automation-id="add-to-cart" aria-label="Add to cart - Martini &amp; Rossi Asti Sparkling Wine, 750 mL"><i class="ld ld-Plus" style="font-size:1.5rem;vertical-align:-0.25em;width:1.5rem;height:1.5rem;box-sizing:content-box" title="add to cart"></i><span class="mr2">Add</span></button></div></div></div><div class="mt5 mb0" style="height:24px" data-testid="variant-10984453"></div><div data-automation-id="product-price" class="flex flex-wrap justify-start items-center lh-title mb1-m"><div class="mr1 mr2-xl b black lh-copy f5 f4-l" aria-hidden="true">$9.98</div><span class="w_iUH7">current price $9.98</span><div class="gray mr1 f7 f6-l">39.4 ¢/fl oz</div></div><span class=""><span class="w_V_DM" style="-webkit-line-clamp:3;padding-bottom:0em;margin-bottom:-0em"><span data-automation-id="product-title" class="normal dark-gray mb0 mt1 lh-title f6 f5-l">Martini &amp; Rossi Asti Sparkling Wine, 750 mL</span></span></span><div class="flex items-center mt2"><span class="black inline-flex mr1" data-testid="product-ratings" data-value="4.8"><i class="ld ld-StarFill" style="font-size:12px;vertical-align:-0.175em;width:12px;height:12px;box-sizing:content-box" aria-hidden="true"></i><i class="ld ld-StarFill" style="font-size:12px;vertical-align:-0.175em;width:12px;height:12px;box-sizing:content-box" aria-hidden="true"></i><i class="ld ld-StarFill" style="font-size:12px;vertical-align:-0.175em;width:12px;height:12px;box-sizing:content-box" aria-hidden="true"></i><i class="ld ld-StarFill" style="font-size:12px;vertical-align:-0.175em;width:12px;height:12px;box-sizing:content-box" aria-hidden="true"></i><i class="ld ld-StarFill" style="font-size:12px;vertical-align:-0.175em;width:12px;height:12px;box-sizing:content-box" aria-hidden="true"></i></span><span class="sans-serif gray f7" aria-hidden="true" data-testid="product-reviews" data-value="142">142</span><span class="w_iUH7">4.8 out of 5 Stars. 142 reviews</span></div><div></div><div class="mb2 mt2"><span class="w_iUH7">Available for Pickup or Delivery</span><span class="w_VbBP w_mFV6 w_I_19 w_3oNC w_AAn7 mr1 mt1 ph1" aria-hidden="true">Pickup</span><span class="w_VbBP w_mFV6 w_I_19 w_3oNC w_AAn7 mr1 mt1 ph1" aria-hidden="true">Delivery</span></div></div></li><li class="flex flex-column items-center pa1 pr2 pb2" data-slide="7"><div role="group" data-item-id="47447880" class="sans-serif mid-gray relative flex flex-column w-100 h-100 hide-child-opacity" data-testid="product-tile-7" aria-label="Product"><a link-identifier="47447880" class="absolute w-100 h-100 z-1 hide-sibling-opacity" target="" href="/ip/Korbel-Extra-Dry-California-Champagne-750-ml-Bottle-24-Proof/47447880?athcpid=47447880&amp;athpgid=AthenaContentPage_8604954&amp;athcgid=null&amp;athznid=ItemCarousel_98e14f4a-fa4f-4579-925a-fbf7fa99c3a2_items&amp;athieid=v0&amp;athstid=CS020&amp;athguid=fZ0TNvxS86RnhOIMqZXwWGGGu40sBHjwnBkn&amp;athancid=null&amp;athena=true&amp;athbdg=L1600"><span class="w_iUH7"><h3>Korbel Extra Dry California Champagne, 750 ml Bottle, 24 Proof</h3></span></a><div class="h2 relative mv2"><span class="w_VbBP w_mFV6 w_awtt w_3oNC w_3H8O tag-leading-badge absolute">Best seller</span></div><div class="relative"><div class="relative overflow-hidden" style="max-width:226px;height:0;padding-bottom:min(226px, 100%);align-self:center;width:min(226px, 100%)"><img loading="lazy" srcset="https://i5.walmartimages.com/asr/fab7f585-fba5-406d-94c0-46003fab88ba.daabd4f281cbb269b920e3a3f7f83361.jpeg?odnHeight=226&amp;odnWidth=226&amp;odnBg=FFFFFF 1x, https://i5.walmartimages.com/asr/fab7f585-fba5-406d-94c0-46003fab88ba.daabd4f281cbb269b920e3a3f7f83361.jpeg?odnHeight=576&amp;odnWidth=576&amp;odnBg=FFFFFF 2x" src="https://i5.walmartimages.com/asr/fab7f585-fba5-406d-94c0-46003fab88ba.daabd4f281cbb269b920e3a3f7f83361.jpeg?odnHeight=576&amp;odnWidth=576&amp;odnBg=FFFFFF" width="" height="" class="absolute top-0 left-0" data-testid="productTileImage" alt="Korbel Extra Dry California Champagne, 750 ml Bottle, 24 Proof"/></div><div class="z-2 absolute bottom--1"><div class="relative dib" data-id="47447880"><button class="w_hhLG w_8nsR w_jDfj pointer bn sans-serif b ph2 flex items-center justify-center w-auto shadow-1" type="button" data-pcss-hide="true" data-automation-id="add-to-cart" aria-label="Add to cart - Korbel Extra Dry California Champagne, 750 ml Bottle, 24 Proof"><i class="ld ld-Plus" style="font-size:1.5rem;vertical-align:-0.25em;width:1.5rem;height:1.5rem;box-sizing:content-box" title="add to cart"></i><span class="mr2">Add</span></button></div></div></div><div class="mt5 mb0" style="height:24px" data-testid="variant-47447880"></div><div data-automation-id="product-price" class="flex flex-wrap justify-start items-center lh-title mb1-m"><div class="mr1 mr2-xl b black lh-copy f5 f4-l" aria-hidden="true">$13.98</div><span class="w_iUH7">current price $13.98</span><div class="gray mr1 f7 f6-l">55.0 ¢/fl oz</div></div><span class=""><span class="w_V_DM" style="-webkit-line-clamp:3;padding-bottom:0em;margin-bottom:-0em"><span data-automation-id="product-title" class="normal dark-gray mb0 mt1 lh-title f6 f5-l">Korbel Extra Dry California Champagne, 750 ml Bottle, 24 Proof</span></span></span><div class="flex items-center mt2"><span class="black inline-flex mr1" data-testid="product-ratings" data-value="4.5"><i class="ld ld-StarFill" style="font-size:12px;vertical-align:-0.175em;width:12px;height:12px;box-sizing:content-box" aria-hidden="true"></i><i class="ld ld-StarFill" style="font-size:12px;vertical-align:-0.175em;width:12px;height:12px;box-sizing:content-box" aria-hidden="true"></i><i class="ld ld-StarFill" style="font-size:12px;vertical-align:-0.175em;width:12px;height:12px;box-sizing:content-box" aria-hidden="true"></i><i class="ld ld-StarFill" style="font-size:12px;vertical-align:-0.175em;width:12px;height:12px;box-sizing:content-box" aria-hidden="true"></i><i class="ld ld-StarHalf" style="font-size:12px;vertical-align:-0.175em;width:12px;height:12px;box-sizing:content-box" aria-hidden="true"></i></span><span class="sans-serif gray f7" aria-hidden="true" data-testid="product-reviews" data-value="48">48</span><span class="w_iUH7">4.5 out of 5 Stars. 48 reviews</span></div><div></div><div class="mb2 mt2"><span class="w_iUH7">Available for Pickup or Delivery</span><span class="w_VbBP w_mFV6 w_I_19 w_3oNC w_AAn7 mr1 mt1 ph1" aria-hidden="true">Pickup</span><span class="w_VbBP w_mFV6 w_I_19 w_3oNC w_AAn7 mr1 mt1 ph1" aria-hidden="true">Delivery</span></div></div></li><li class="flex flex-column items-center pa1 pr2 pb2" data-slide="8"><div role="group" data-item-id="10984588" class="sans-serif mid-gray relative flex flex-column w-100 h-100 hide-child-opacity" data-testid="product-tile-8" aria-label="Product"><a link-identifier="10984588" class="absolute w-100 h-100 z-1 hide-sibling-opacity" target="" href="/ip/Andre-Champagne-Spumante-California-Sparkling-Wine-750ml-Glass-Bottle-148ml-Serving-Size/10984588?athcpid=10984588&amp;athpgid=AthenaContentPage_8604954&amp;athcgid=null&amp;athznid=ItemCarousel_98e14f4a-fa4f-4579-925a-fbf7fa99c3a2_items&amp;athieid=v0&amp;athstid=CS020&amp;athguid=fZ0TNvxS86RnhOIMqZXwWGGGu40sBHjwnBkn&amp;athancid=null&amp;athena=true&amp;athbdg=L1600"><span class="w_iUH7"><h3>Andre Champagne Spumante California Sparkling Wine, 750ml Glass Bottle, 148ml Serving Size</h3></span></a><div class="h2 relative mv2"><span class="w_VbBP w_mFV6 w_awtt w_3oNC w_3H8O tag-leading-badge absolute">Best seller</span></div><div class="relative"><div class="relative overflow-hidden" style="max-width:226px;height:0;padding-bottom:min(226px, 100%);align-self:center;width:min(226px, 100%)"><img loading="lazy" srcset="https://i5.walmartimages.com/asr/fd712ea4-23a1-4708-bec9-87596b423a88.af6b43deabd2af3f3dc907ae3bb51834.jpeg?odnHeight=226&amp;odnWidth=226&amp;odnBg=FFFFFF 1x, https://i5.walmartimages.com/asr/fd712ea4-23a1-4708-bec9-87596b423a88.af6b43deabd2af3f3dc907ae3bb51834.jpeg?odnHeight=576&amp;odnWidth=576&amp;odnBg=FFFFFF 2x" src="https://i5.walmartimages.com/asr/fd712ea4-23a1-4708-bec9-87596b423a88.af6b43deabd2af3f3dc907ae3bb51834.jpeg?odnHeight=576&amp;odnWidth=576&amp;odnBg=FFFFFF" width="" height="" class="absolute top-0 left-0" data-testid="productTileImage" alt="Andre Champagne Spumante California Sparkling Wine, 750ml Glass Bottle, 148ml Serving Size"/></div><div class="z-2 absolute bottom--1"><div class="relative dib" data-id="10984588"><button class="w_hhLG w_8nsR w_jDfj pointer bn sans-serif b ph2 flex items-center justify-center w-auto shadow-1" type="button" data-pcss-hide="true" data-automation-id="add-to-cart" aria-label="Add to cart - Andre Champagne Spumante California Sparkling Wine, 750ml Glass Bottle, 148ml Serving Size"><i class="ld ld-Plus" style="font-size:1.5rem;vertical-align:-0.25em;width:1.5rem;height:1.5rem;box-sizing:content-box" title="add to cart"></i><span class="mr2">Add</span></button></div></div></div><div class="mt5 mb0" style="height:24px" data-testid="variant-10984588"></div><div data-automation-id="product-price" class="flex flex-wrap justify-start items-center lh-title mb1-m"><div class="mr1 mr2-xl b black lh-copy f5 f4-l" aria-hidden="true">$5.48</div><span class="w_iUH7">current price $5.48</span><div class="gray mr1 f7 f6-l">21.6 ¢/fl oz</div></div><span class=""><span class="w_V_DM" style="-webkit-line-clamp:3;padding-bottom:0em;margin-bottom:-0em"><span data-automation-id="product-title" class="normal dark-gray mb0 mt1 lh-title f6 f5-l">Andre Champagne Spumante California Sparkling Wine, 750ml Glass Bottle, 148ml Serving Size</span></span></span><div></div><div class="mb2 mt2"><span class="w_iUH7">Available for Pickup or Delivery</span><span class="w_VbBP w_mFV6 w_I_19 w_3oNC w_AAn7 mr1 mt1 ph1" aria-hidden="true">Pickup</span><span class="w_VbBP w_mFV6 w_I_19 w_3oNC w_AAn7 mr1 mt1 ph1" aria-hidden="true">Delivery</span></div></div></li><li class="flex flex-column items-center pa1 pr2 pb2" data-slide="9"><div role="group" data-item-id="121854055" class="sans-serif mid-gray relative flex flex-column w-100 h-100 hide-child-opacity" data-testid="product-tile-9" aria-label="Product"><a link-identifier="121854055" class="absolute w-100 h-100 z-1 hide-sibling-opacity" target="" href="/ip/Barefoot-Bubbly-Brut-Cuvee-California-Champagne-Wine-750ml-Glass-Bottle/121854055?athcpid=121854055&amp;athpgid=AthenaContentPage_8604954&amp;athcgid=null&amp;athznid=ItemCarousel_98e14f4a-fa4f-4579-925a-fbf7fa99c3a2_items&amp;athieid=v0&amp;athstid=CS020&amp;athguid=fZ0TNvxS86RnhOIMqZXwWGGGu40sBHjwnBkn&amp;athancid=null&amp;athena=true"><span class="w_iUH7"><h3>Barefoot Bubbly Brut Cuvee California Champagne Wine, 750ml Glass Bottle</h3></span></a><div class="h2 relative mv2"></div><div class="relative"><div class="relative overflow-hidden" style="max-width:226px;height:0;padding-bottom:min(226px, 100%);align-self:center;width:min(226px, 100%)"><img loading="lazy" srcset="https://i5.walmartimages.com/asr/7b38daff-2e89-479b-b3c9-9dbf23b6d801.ac0c5718cae55ef4fc279aec53637e8f.jpeg?odnHeight=226&amp;odnWidth=226&amp;odnBg=FFFFFF 1x, https://i5.walmartimages.com/asr/7b38daff-2e89-479b-b3c9-9dbf23b6d801.ac0c5718cae55ef4fc279aec53637e8f.jpeg?odnHeight=576&amp;odnWidth=576&amp;odnBg=FFFFFF 2x" src="https://i5.walmartimages.com/asr/7b38daff-2e89-479b-b3c9-9dbf23b6d801.ac0c5718cae55ef4fc279aec53637e8f.jpeg?odnHeight=576&amp;odnWidth=576&amp;odnBg=FFFFFF" width="" height="" class="absolute top-0 left-0" data-testid="productTileImage" alt="Barefoot Bubbly Brut Cuvee California Champagne Wine, 750ml Glass Bottle"/></div><div class="z-2 absolute bottom--1"><div class="relative dib" data-id="121854055"><button class="w_hhLG w_8nsR w_jDfj pointer bn sans-serif b ph2 flex items-center justify-center w-auto shadow-1" type="button" data-pcss-hide="true" data-automation-id="add-to-cart" aria-label="Add to cart - Barefoot Bubbly Brut Cuvee California Champagne Wine, 750ml Glass Bottle"><i class="ld ld-Plus" style="font-size:1.5rem;vertical-align:-0.25em;width:1.5rem;height:1.5rem;box-sizing:content-box" title="add to cart"></i><span class="mr2">Add</span></button></div></div></div><div class="mt5 mb0" style="height:24px" data-testid="variant-121854055"></div><div data-automation-id="product-price" class="flex flex-wrap justify-start items-center lh-title mb1-m"><div class="mr1 mr2-xl b black lh-copy f5 f4-l" aria-hidden="true">$9.98</div><span class="w_iUH7">current price $9.98</span><div class="gray mr1 f7 f6-l">39.3 ¢/fl oz</div></div><span class=""><span class="w_V_DM" style="-webkit-line-clamp:3;padding-bottom:0em;margin-bottom:-0em"><span data-automation-id="product-title" class="normal dark-gray mb0 mt1 lh-title f6 f5-l">Barefoot Bubbly Brut Cuvee California Champagne Wine, 750ml Glass Bottle</span></span></span><div class="flex items-center mt2"><span class="black inline-flex mr1" data-testid="product-ratings" data-value="4.4"><i class="ld ld-StarFill" style="font-size:12px;vertical-align:-0.175em;width:12px;height:12px;box-sizing:content-box" aria-hidden="true"></i><i class="ld ld-StarFill" style="font-size:12px;vertical-align:-0.175em;width:12px;height:12px;box-sizing:content-box" aria-hidden="true"></i><i class="ld ld-StarFill" style="font-size:12px;vertical-align:-0.175em;width:12px;height:12px;box-sizing:content-box" aria-hidden="true"></i><i class="ld ld-StarFill" style="font-size:12px;vertical-align:-0.175em;width:12px;height:12px;box-sizing:content-box" aria-hidden="true"></i><i class="ld ld-StarHalf" style="font-size:12px;vertical-align:-0.175em;width:12px;height:12px;box-sizing:content-box" aria-hidden="true"></i></span><span class="sans-serif gray f7" aria-hidden="true" data-testid="product-reviews" data-value="139">139</span><span class="w_iUH7">4.4 out of 5 Stars. 139 reviews</span></div><div></div><div class="mb2 mt2"><span class="w_iUH7">Available for Pickup or Delivery</span><span class="w_VbBP w_mFV6 w_I_19 w_3oNC w_AAn7 mr1 mt1 ph1" aria-hidden="true">Pickup</span><span class="w_VbBP w_mFV6 w_I_19 w_3oNC w_AAn7 mr1 mt1 ph1" aria-hidden="true">Delivery</span></div></div></li><li class="flex flex-column items-center pa1 pr2 pb2" data-slide="10"><div role="group" data-item-id="102634370" class="sans-serif mid-gray relative flex flex-column w-100 h-100 hide-child-opacity" data-testid="product-tile-10" aria-label="Product"><a link-identifier="102634370" class="absolute w-100 h-100 z-1 hide-sibling-opacity" target="" href="/ip/Freixenet-Brut-Cordon-Negro-Spain-750-ml-Bottle/102634370?athcpid=102634370&amp;athpgid=AthenaContentPage_8604954&amp;athcgid=null&amp;athznid=ItemCarousel_98e14f4a-fa4f-4579-925a-fbf7fa99c3a2_items&amp;athieid=v0&amp;athstid=CS020&amp;athguid=fZ0TNvxS86RnhOIMqZXwWGGGu40sBHjwnBkn&amp;athancid=null&amp;athena=true"><span class="w_iUH7"><h3>Freixenet Brut Cordon Negro Spain, 750 ml Bottle</h3></span></a><div class="h2 relative mv2"></div><div class="relative"><div class="relative overflow-hidden" style="max-width:226px;height:0;padding-bottom:min(226px, 100%);align-self:center;width:min(226px, 100%)"><img loading="lazy" srcset="https://i5.walmartimages.com/asr/461dde09-c0e3-48b3-9228-17cc345cc890.fd0a2eda6333f7d32f665a8173551fcc.jpeg?odnHeight=226&amp;odnWidth=226&amp;odnBg=FFFFFF 1x, https://i5.walmartimages.com/asr/461dde09-c0e3-48b3-9228-17cc345cc890.fd0a2eda6333f7d32f665a8173551fcc.jpeg?odnHeight=576&amp;odnWidth=576&amp;odnBg=FFFFFF 2x" src="https://i5.walmartimages.com/asr/461dde09-c0e3-48b3-9228-17cc345cc890.fd0a2eda6333f7d32f665a8173551fcc.jpeg?odnHeight=576&amp;odnWidth=576&amp;odnBg=FFFFFF" width="" height="" class="absolute top-0 left-0" data-testid="productTileImage" alt="Freixenet Brut Cordon Negro Spain, 750 ml Bottle"/></div><div class="z-2 absolute bottom--1"><div class="relative dib" data-id="102634370"><button class="w_hhLG w_8nsR w_jDfj pointer bn sans-serif b ph2 flex items-center justify-center w-auto shadow-1" type="button" data-pcss-hide="true" data-automation-id="add-to-cart" aria-label="Add to cart - Freixenet Brut Cordon Negro Spain, 750 ml Bottle"><i class="ld ld-Plus" style="font-size:1.5rem;vertical-align:-0.25em;width:1.5rem;height:1.5rem;box-sizing:content-box" title="add to cart"></i><span class="mr2">Add</span></button></div></div></div><div class="mt5 mb0" style="height:24px" data-testid="variant-102634370"></div><div data-automation-id="product-price" class="flex flex-wrap justify-start items-center lh-title mb1-m"><div class="mr1 mr2-xl b black lh-copy f5 f4-l" aria-hidden="true">$11.98</div><span class="w_iUH7">current price $11.98</span><div class="gray mr1 f7 f6-l">47.2 ¢/fl oz</div></div><span class=""><span class="w_V_DM" style="-webkit-line-clamp:3;padding-bottom:0em;margin-bottom:-0em"><span data-automation-id="product-title" class="normal dark-gray mb0 mt1 lh-title f6 f5-l">Freixenet Brut Cordon Negro Spain, 750 ml Bottle</span></span></span><div class="flex items-center mt2"><span class="black inline-flex mr1" data-testid="product-ratings" data-value="4.6"><i class="ld ld-StarFill" style="font-size:12px;vertical-align:-0.175em;width:12px;height:12px;box-sizing:content-box" aria-hidden="true"></i><i class="ld ld-StarFill" style="font-size:12px;vertical-align:-0.175em;width:12px;height:12px;box-sizing:content-box" aria-hidden="true"></i><i class="ld ld-StarFill" style="font-size:12px;vertical-align:-0.175em;width:12px;height:12px;box-sizing:content-box" aria-hidden="true"></i><i class="ld ld-StarFill" style="font-size:12px;vertical-align:-0.175em;width:12px;height:12px;box-sizing:content-box" aria-hidden="true"></i><i class="ld ld-StarHalf" style="font-size:12px;vertical-align:-0.175em;width:12px;height:12px;box-sizing:content-box" aria-hidden="true"></i></span><span class="sans-serif gray f7" aria-hidden="true" data-testid="product-reviews" data-value="130">130</span><span class="w_iUH7">4.6 out of 5 Stars. 130 reviews</span></div><div></div><div class="mb2 mt2"><span class="w_iUH7">Available for Pickup or Delivery</span><span class="w_VbBP w_mFV6 w_I_19 w_3oNC w_AAn7 mr1 mt1 ph1" aria-hidden="true">Pickup</span><span class="w_VbBP w_mFV6 w_I_19 w_3oNC w_AAn7 mr1 mt1 ph1" aria-hidden="true">Delivery</span></div></div></li><li class="flex flex-column items-center pa1 pr2 pb2" data-slide="11"><div role="group" data-item-id="122130804" class="sans-serif mid-gray relative flex flex-column w-100 h-100 hide-child-opacity" data-testid="product-tile-11" aria-label="Product"><a link-identifier="122130804" class="absolute w-100 h-100 z-1 hide-sibling-opacity" target="" href="/ip/Barefoot-Bubbly-California-Moscato-Spumante-Champagne-750ml-Glass-Bottle/122130804?athcpid=122130804&amp;athpgid=AthenaContentPage_8604954&amp;athcgid=null&amp;athznid=ItemCarousel_98e14f4a-fa4f-4579-925a-fbf7fa99c3a2_items&amp;athieid=v0&amp;athstid=CS020&amp;athguid=fZ0TNvxS86RnhOIMqZXwWGGGu40sBHjwnBkn&amp;athancid=null&amp;athena=true"><span class="w_iUH7"><h3>Barefoot Bubbly California Moscato Spumante Champagne, 750ml Glass Bottle</h3></span></a><div class="h2 relative mv2"></div><div class="relative"><div class="relative overflow-hidden" style="max-width:226px;height:0;padding-bottom:min(226px, 100%);align-self:center;width:min(226px, 100%)"><img loading="lazy" srcset="https://i5.walmartimages.com/asr/0fada946-8aa9-4d7f-acdf-57b5ad56fc7c_1.d7d4b69d293869dbc7eb153b5130901e.jpeg?odnHeight=226&amp;odnWidth=226&amp;odnBg=FFFFFF 1x, https://i5.walmartimages.com/asr/0fada946-8aa9-4d7f-acdf-57b5ad56fc7c_1.d7d4b69d293869dbc7eb153b5130901e.jpeg?odnHeight=576&amp;odnWidth=576&amp;odnBg=FFFFFF 2x" src="https://i5.walmartimages.com/asr/0fada946-8aa9-4d7f-acdf-57b5ad56fc7c_1.d7d4b69d293869dbc7eb153b5130901e.jpeg?odnHeight=576&amp;odnWidth=576&amp;odnBg=FFFFFF" width="" height="" class="absolute top-0 left-0" data-testid="productTileImage" alt="Barefoot Bubbly California Moscato Spumante Champagne, 750ml Glass Bottle"/></div><div class="z-2 absolute bottom--1"><div class="relative dib" data-id="122130804"><button class="w_hhLG w_8nsR w_jDfj pointer bn sans-serif b ph2 flex items-center justify-center w-auto shadow-1" type="button" data-pcss-hide="true" data-automation-id="add-to-cart" aria-label="Add to cart - Barefoot Bubbly California Moscato Spumante Champagne, 750ml Glass Bottle"><i class="ld ld-Plus" style="font-size:1.5rem;vertical-align:-0.25em;width:1.5rem;height:1.5rem;box-sizing:content-box" title="add to cart"></i><span class="mr2">Add</span></button></div></div></div><div class="mt5 mb0" style="height:24px" data-testid="variant-122130804"></div><div data-automation-id="product-price" class="flex flex-wrap justify-start items-center lh-title mb1-m"><div class="mr1 mr2-xl b black lh-copy f5 f4-l" aria-hidden="true">$9.98</div><span class="w_iUH7">current price $9.98</span><div class="gray mr1 f7 f6-l">39.4 ¢/fl oz</div></div><span class=""><span class="w_V_DM" style="-webkit-line-clamp:3;padding-bottom:0em;margin-bottom:-0em"><span data-automation-id="product-title" class="normal dark-gray mb0 mt1 lh-title f6 f5-l">Barefoot Bubbly California Moscato Spumante Champagne, 750ml Glass Bottle</span></span></span><div class="flex items-center mt2"><span class="black inline-flex mr1" data-testid="product-ratings" data-value="4.6"><i class="ld ld-StarFill" style="font-size:12px;vertical-align:-0.175em;width:12px;height:12px;box-sizing:content-box" aria-hidden="true"></i><i class="ld ld-StarFill" style="font-size:12px;vertical-align:-0.175em;width:12px;height:12px;box-sizing:content-box" aria-hidden="true"></i><i class="ld ld-StarFill" style="font-size:12px;vertical-align:-0.175em;width:12px;height:12px;box-sizing:content-box" aria-hidden="true"></i><i class="ld ld-StarFill" style="font-size:12px;vertical-align:-0.175em;width:12px;height:12px;box-sizing:content-box" aria-hidden="true"></i><i class="ld ld-StarHalf" style="font-size:12px;vertical-align:-0.175em;width:12px;height:12px;box-sizing:content-box" aria-hidden="true"></i></span><span class="sans-serif gray f7" aria-hidden="true" data-testid="product-reviews" data-value="190">190</span><span class="w_iUH7">4.6 out of 5 Stars. 190 reviews</span></div><div></div><div class="mb2 mt2"><span class="w_iUH7">Available for Pickup or Delivery</span><span class="w_VbBP w_mFV6 w_I_19 w_3oNC w_AAn7 mr1 mt1 ph1" aria-hidden="true">Pickup</span><span class="w_VbBP w_mFV6 w_I_19 w_3oNC w_AAn7 mr1 mt1 ph1" aria-hidden="true">Delivery</span></div></div></li><li class="flex flex-column items-center pa1 pr2 pb2" data-slide="12"><div role="group" data-item-id="104670913" class="sans-serif mid-gray relative flex flex-column w-100 h-100 hide-child-opacity" data-testid="product-tile-12" aria-label="Product"><a link-identifier="104670913" class="absolute w-100 h-100 z-1 hide-sibling-opacity" target="" href="/ip/Lumina-Prosecco-by-Ruffino-DOC-Italian-White-Sparkling-Wine-750-ml-Bottle-11-ABV/104670913?athcpid=104670913&amp;athpgid=AthenaContentPage_8604954&amp;athcgid=null&amp;athznid=ItemCarousel_98e14f4a-fa4f-4579-925a-fbf7fa99c3a2_items&amp;athieid=v0&amp;athstid=CS020&amp;athguid=fZ0TNvxS86RnhOIMqZXwWGGGu40sBHjwnBkn&amp;athancid=null&amp;athena=true"><span class="w_iUH7"><h3>Lumina Prosecco by Ruffino DOC, Italian White Sparkling Wine, 750 ml Bottle, 11% ABV</h3></span></a><div class="h2 relative mv2"></div><div class="relative"><div class="relative overflow-hidden" style="max-width:226px;height:0;padding-bottom:min(226px, 100%);align-self:center;width:min(226px, 100%)"><img loading="lazy" srcset="https://i5.walmartimages.com/asr/756984c3-65a9-497a-9efb-f365d6f1cf77.7850b7f80af6e0c8bdf87a112c60f05c.jpeg?odnHeight=226&amp;odnWidth=226&amp;odnBg=FFFFFF 1x, https://i5.walmartimages.com/asr/756984c3-65a9-497a-9efb-f365d6f1cf77.7850b7f80af6e0c8bdf87a112c60f05c.jpeg?odnHeight=576&amp;odnWidth=576&amp;odnBg=FFFFFF 2x" src="https://i5.walmartimages.com/asr/756984c3-65a9-497a-9efb-f365d6f1cf77.7850b7f80af6e0c8bdf87a112c60f05c.jpeg?odnHeight=576&amp;odnWidth=576&amp;odnBg=FFFFFF" width="" height="" class="absolute top-0 left-0" data-testid="productTileImage" alt="Lumina Prosecco by Ruffino DOC, Italian White Sparkling Wine, 750 ml Bottle, 11% ABV"/></div><div class="z-2 absolute bottom--1"><div class="relative dib" data-id="104670913"><button class="w_hhLG w_8nsR w_jDfj pointer bn sans-serif b ph2 flex items-center justify-center w-auto shadow-1" type="button" data-pcss-hide="true" data-automation-id="add-to-cart" aria-label="Add to cart - Lumina Prosecco by Ruffino DOC, Italian White Sparkling Wine, 750 ml Bottle, 11% ABV"><i class="ld ld-Plus" style="font-size:1.5rem;vertical-align:-0.25em;width:1.5rem;height:1.5rem;box-sizing:content-box" title="add to cart"></i><span class="mr2">Add</span></button></div></div></div><div class="mt5 mb0" style="height:24px" data-testid="variant-104670913"></div><div data-automation-id="product-price" class="flex flex-wrap justify-start items-center lh-title mb1-m"><div class="mr1 mr2-xl b black lh-copy f5 f4-l" aria-hidden="true">$11.98</div><span class="w_iUH7">current price $11.98</span><div class="gray mr1 f7 f6-l">47.2 ¢/fl oz</div></div><span class=""><span class="w_V_DM" style="-webkit-line-clamp:3;padding-bottom:0em;margin-bottom:-0em"><span data-automation-id="product-title" class="normal dark-gray mb0 mt1 lh-title f6 f5-l">Lumina Prosecco by Ruffino DOC, Italian White Sparkling Wine, 750 ml Bottle, 11% ABV</span></span></span><div class="flex items-center mt2"><span class="black inline-flex mr1" data-testid="product-ratings" data-value="4.7"><i class="ld ld-StarFill" style="font-size:12px;vertical-align:-0.175em;width:12px;height:12px;box-sizing:content-box" aria-hidden="true"></i><i class="ld ld-StarFill" style="font-size:12px;vertical-align:-0.175em;width:12px;height:12px;box-sizing:content-box" aria-hidden="true"></i><i class="ld ld-StarFill" style="font-size:12px;vertical-align:-0.175em;width:12px;height:12px;box-sizing:content-box" aria-hidden="true"></i><i class="ld ld-StarFill" style="font-size:12px;vertical-align:-0.175em;width:12px;height:12px;box-sizing:content-box" aria-hidden="true"></i><i class="ld ld-StarHalf" style="font-size:12px;vertical-align:-0.175em;width:12px;height:12px;box-sizing:content-box" aria-hidden="true"></i></span><span class="sans-serif gray f7" aria-hidden="true" data-testid="product-reviews" data-value="171">171</span><span class="w_iUH7">4.7 out of 5 Stars. 171 reviews</span></div><div></div><div class="mb2 mt2"><span class="w_iUH7">Available for Pickup or Delivery</span><span class="w_VbBP w_mFV6 w_I_19 w_3oNC w_AAn7 mr1 mt1 ph1" aria-hidden="true">Pickup</span><span class="w_VbBP w_mFV6 w_I_19 w_3oNC w_AAn7 mr1 mt1 ph1" aria-hidden="true">Delivery</span></div></div></li></ul><a link-identifier="horizontalScrollerNext" class="absolute dn z-5 bg-white br-100 pa0 pointer db-l br-100 nav-control right-1" aria-label="Next slide for Product Carousel list" data-testid="horizontal-scroller-next" role="button"><i class="ld ld-ChevronRight" style="font-size:1.5rem;vertical-align:-0.25em;padding:12px;width:1.5rem;height:1.5rem;box-sizing:content-box"></i></a></div></section></section></div> <div class="mv3 mv4-xl ml3 ml0-l bb b--near-white"><section><section><header class="flex justify-between mb3 mb2-m pr3 pr4-m pr0-xl items-baseline"><section style="flex:1"><div><div><div class="inline-flex "><h2 class="f4 f3-m lh-title ma0 ">Non-Alcoholic wine</h2></div></div></div></section><a link-identifier="View all" class="black f6" href="https://www.walmart.com/browse/food/non-alcoholic-wine/976759_2975985_4158159_9234500?povid=976759_itemcarousel_8604954_NonAlcoholicwine_Viewall_Rweb_Dec_6">View all</a></header><div class="flex flex-column justify-center relative" data-testid="horizontal-scroller-Product Carousel"><a link-identifier="horizontalScrollerPrevious" class="absolute dn z-5 bg-white br-100 pa0 pointer hidden-child br-100 nav-control left-1" aria-label="Previous slide for Product Carousel list" data-testid="horizontal-scroller-previous" role="button"><i class="ld ld-ChevronLeft" style="font-size:1.5rem;vertical-align:-0.25em;padding:12px;width:1.5rem;height:1.5rem;box-sizing:content-box"></i></a><ul style="display:grid;grid-auto-flow:column;scroll-snap-type:x mandatory;max-height:fit-content" class="list ma0 pl0 overflow-x-scroll hidesb hidesb-wk relative overflow-y-hidden carousel-peek-2 carousel-6-l carousel-3-m pr3-m" data-testid="carousel-container"><li class="flex flex-column items-center pa1 pr2 pb2" data-slide="0"><div role="group" data-item-id="979537737" class="sans-serif mid-gray relative flex flex-column w-100 h-100 hide-child-opacity" data-testid="product-tile-0" aria-label="Product"><a link-identifier="979537737" class="absolute w-100 h-100 z-1 hide-sibling-opacity" target="" href="/ip/Ariel-Cabernet-Sauvignon-Non-Alcoholic-Red-Wine-750ML/979537737?athcpid=979537737&amp;athpgid=AthenaContentPage_8604954&amp;athcgid=null&amp;athznid=ItemCarousel_a33497fd-8770-4519-9ec3-11b891ccf6fe_items&amp;athieid=v0&amp;athstid=CS020&amp;athguid=fZ0TNvxS86RnhOIMqZXwWGGGu40sBHjwnBkn&amp;athancid=null&amp;athena=true&amp;athbdg=L1600"><span class="w_iUH7"><h3>Ariel Cabernet Sauvignon Non-Alcoholic Red Wine 750ML</h3></span></a><div class="h2 relative mv2"><span class="w_VbBP w_mFV6 w_awtt w_3oNC w_3H8O tag-leading-badge absolute">Best seller</span></div><div class="relative"><div class="relative overflow-hidden" style="max-width:226px;height:0;padding-bottom:min(226px, 100%);align-self:center;width:min(226px, 100%)"><img loading="lazy" srcset="https://i5.walmartimages.com/asr/03753e90-b91b-4152-b7a1-153cac2477e4_1.7bbfaf752e8771c09b964adc7b116987.jpeg?odnHeight=226&amp;odnWidth=226&amp;odnBg=FFFFFF 1x, https://i5.walmartimages.com/asr/03753e90-b91b-4152-b7a1-153cac2477e4_1.7bbfaf752e8771c09b964adc7b116987.jpeg?odnHeight=576&amp;odnWidth=576&amp;odnBg=FFFFFF 2x" src="https://i5.walmartimages.com/asr/03753e90-b91b-4152-b7a1-153cac2477e4_1.7bbfaf752e8771c09b964adc7b116987.jpeg?odnHeight=576&amp;odnWidth=576&amp;odnBg=FFFFFF" width="" height="" class="absolute top-0 left-0" data-testid="productTileImage" alt="Ariel Cabernet Sauvignon Non-Alcoholic Red Wine 750ML"/></div><div class="z-2 absolute bottom--1"><div class="relative dib" data-id="979537737"><button class="w_hhLG w_8nsR w_jDfj pointer bn sans-serif b ph2 flex items-center justify-center w-auto shadow-1" type="button" data-pcss-hide="true" data-automation-id="add-to-cart" aria-label="Add to cart - Ariel Cabernet Sauvignon Non-Alcoholic Red Wine 750ML"><i class="ld ld-Plus" style="font-size:1.5rem;vertical-align:-0.25em;width:1.5rem;height:1.5rem;box-sizing:content-box" title="add to cart"></i><span class="mr2">Add</span></button></div></div></div><div class="mt5 mb0" style="height:24px" data-testid="variant-979537737"></div><div data-automation-id="product-price" class="flex flex-wrap justify-start items-center lh-title mb1-m"><div class="mr1 mr2-xl b black lh-copy f5 f4-l" aria-hidden="true">$24.57</div><span class="w_iUH7">current price $24.57</span></div><span class=""><span class="w_V_DM" style="-webkit-line-clamp:3;padding-bottom:0em;margin-bottom:-0em"><span data-automation-id="product-title" class="normal dark-gray mb0 mt1 lh-title f6 f5-l">Ariel Cabernet Sauvignon Non-Alcoholic Red Wine 750ML</span></span></span><div></div><div class="mb2 mt2"><span class="w_iUH7">Available for 3+ day shipping</span><span class="w_VbBP w_mFV6 w_I_19 w_3oNC w_AAn7 mr1 mt1 ph1" aria-hidden="true">3+ day shipping</span></div></div></li><li class="flex flex-column items-center pa1 pr2 pb2" data-slide="1"><div role="group" data-item-id="591204103" class="sans-serif mid-gray relative flex flex-column w-100 h-100 hide-child-opacity" data-testid="product-tile-1" aria-label="Product"><a link-identifier="591204103" class="absolute w-100 h-100 z-1 hide-sibling-opacity" target="" href="/ip/Ariel-Chardonnay-Non-alcoholic-White-Wine-750ml-12-Pack/591204103?athcpid=591204103&amp;athpgid=AthenaContentPage_8604954&amp;athcgid=null&amp;athznid=ItemCarousel_a33497fd-8770-4519-9ec3-11b891ccf6fe_items&amp;athieid=v0&amp;athstid=CS020&amp;athguid=fZ0TNvxS86RnhOIMqZXwWGGGu40sBHjwnBkn&amp;athancid=null&amp;athena=true"><span class="w_iUH7"><h3>Ariel Chardonnay Non-alcoholic White Wine 750ml, 12 Pack</h3></span></a><div class="h2 relative mv2"></div><div class="relative"><div class="relative overflow-hidden" style="max-width:226px;height:0;padding-bottom:min(226px, 100%);align-self:center;width:min(226px, 100%)"><img loading="lazy" srcset="https://i5.walmartimages.com/asr/e4cd5388-68e2-4cd0-afee-df19cea598ea_1.c456dab3a9e4c091120e8fcecc03505f.jpeg?odnHeight=226&amp;odnWidth=226&amp;odnBg=FFFFFF 1x, https://i5.walmartimages.com/asr/e4cd5388-68e2-4cd0-afee-df19cea598ea_1.c456dab3a9e4c091120e8fcecc03505f.jpeg?odnHeight=576&amp;odnWidth=576&amp;odnBg=FFFFFF 2x" src="https://i5.walmartimages.com/asr/e4cd5388-68e2-4cd0-afee-df19cea598ea_1.c456dab3a9e4c091120e8fcecc03505f.jpeg?odnHeight=576&amp;odnWidth=576&amp;odnBg=FFFFFF" width="" height="" class="absolute top-0 left-0" data-testid="productTileImage" alt="Ariel Chardonnay Non-alcoholic White Wine 750ml, 12 Pack"/></div><div class="z-2 absolute bottom--1"><div class="relative dib" data-id="591204103"><button class="w_hhLG w_8nsR w_jDfj pointer bn sans-serif b ph2 flex items-center justify-center w-auto shadow-1" type="button" data-pcss-hide="true" data-automation-id="add-to-cart" aria-label="Add to cart - Ariel Chardonnay Non-alcoholic White Wine 750ml, 12 Pack"><i class="ld ld-Plus" style="font-size:1.5rem;vertical-align:-0.25em;width:1.5rem;height:1.5rem;box-sizing:content-box" title="add to cart"></i><span class="mr2">Add</span></button></div></div></div><div class="mt5 mb0" style="height:24px" data-testid="variant-591204103"></div><div data-automation-id="product-price" class="flex flex-wrap justify-start items-center lh-title mb1-m"><div class="mr1 mr2-xl b black lh-copy f5 f4-l" aria-hidden="true">$164.98</div><span class="w_iUH7">current price $164.98</span></div><span class=""><span class="w_V_DM" style="-webkit-line-clamp:3;padding-bottom:0em;margin-bottom:-0em"><span data-automation-id="product-title" class="normal dark-gray mb0 mt1 lh-title f6 f5-l">Ariel Chardonnay Non-alcoholic White Wine 750ml, 12 Pack</span></span></span><div></div><div class="mb2 mt2"><span class="w_iUH7">Available for 3+ day shipping</span><span class="w_VbBP w_mFV6 w_I_19 w_3oNC w_AAn7 mr1 mt1 ph1" aria-hidden="true">3+ day shipping</span></div></div></li><li class="flex flex-column items-center pa1 pr2 pb2" data-slide="2"><div role="group" data-item-id="2292207741" class="sans-serif mid-gray relative flex flex-column w-100 h-100 hide-child-opacity" data-testid="product-tile-2" aria-label="Product"><a link-identifier="2292207741" class="absolute w-100 h-100 z-1 hide-sibling-opacity" target="" href="/ip/Starla-Wines-Non-Alcoholic-Sauvignon-Blanc/2292207741?athcpid=2292207741&amp;athpgid=AthenaContentPage_8604954&amp;athcgid=null&amp;athznid=ItemCarousel_a33497fd-8770-4519-9ec3-11b891ccf6fe_items&amp;athieid=v0&amp;athstid=CS020&amp;athguid=fZ0TNvxS86RnhOIMqZXwWGGGu40sBHjwnBkn&amp;athancid=null&amp;athena=true"><span class="w_iUH7"><h3>Starla Wines Non-Alcoholic Sauvignon Blanc</h3></span></a><div class="h2 relative mv2"></div><div class="relative"><div class="relative overflow-hidden" style="max-width:226px;height:0;padding-bottom:min(226px, 100%);align-self:center;width:min(226px, 100%)"><img loading="lazy" srcset="https://i5.walmartimages.com/asr/c96ffb9b-cf6a-4b56-a4bf-b8e79f29cf69.f53b4b347b2dda4482b72e22864f2326.jpeg?odnHeight=226&amp;odnWidth=226&amp;odnBg=FFFFFF 1x, https://i5.walmartimages.com/asr/c96ffb9b-cf6a-4b56-a4bf-b8e79f29cf69.f53b4b347b2dda4482b72e22864f2326.jpeg?odnHeight=576&amp;odnWidth=576&amp;odnBg=FFFFFF 2x" src="https://i5.walmartimages.com/asr/c96ffb9b-cf6a-4b56-a4bf-b8e79f29cf69.f53b4b347b2dda4482b72e22864f2326.jpeg?odnHeight=576&amp;odnWidth=576&amp;odnBg=FFFFFF" width="" height="" class="absolute top-0 left-0" data-testid="productTileImage" alt="Starla Wines Non-Alcoholic Sauvignon Blanc"/></div><div class="z-2 absolute bottom--1"><div class="relative dib" data-id="2292207741"><button class="w_hhLG w_8nsR w_jDfj pointer bn sans-serif b ph2 flex items-center justify-center w-auto shadow-1" type="button" data-pcss-hide="true" data-automation-id="add-to-cart" aria-label="Add to cart - Starla Wines Non-Alcoholic Sauvignon Blanc"><i class="ld ld-Plus" style="font-size:1.5rem;vertical-align:-0.25em;width:1.5rem;height:1.5rem;box-sizing:content-box" title="add to cart"></i><span class="mr2">Add</span></button></div></div></div><div class="mt5 mb0" style="height:24px" data-testid="variant-2292207741"></div><div data-automation-id="product-price" class="flex flex-wrap justify-start items-center lh-title mb1-m"><div class="mr1 mr2-xl b black lh-copy f5 f4-l" aria-hidden="true">$19.95</div><span class="w_iUH7">current price $19.95</span></div><span class=""><span class="w_V_DM" style="-webkit-line-clamp:3;padding-bottom:0em;margin-bottom:-0em"><span data-automation-id="product-title" class="normal dark-gray mb0 mt1 lh-title f6 f5-l">Starla Wines Non-Alcoholic Sauvignon Blanc</span></span></span><div></div><div class="mb2 mt2"><span class="w_iUH7">Available for 3+ day shipping</span><span class="w_VbBP w_mFV6 w_I_19 w_3oNC w_AAn7 mr1 mt1 ph1" aria-hidden="true">3+ day shipping</span></div></div></li><li class="flex flex-column items-center pa1 pr2 pb2" data-slide="3"><div role="group" data-item-id="3555058526" class="sans-serif mid-gray relative flex flex-column w-100 h-100 hide-child-opacity" data-testid="product-tile-3" aria-label="Product"><a link-identifier="3555058526" class="absolute w-100 h-100 z-1 hide-sibling-opacity" target="" href="/ip/Starla-Wines-Non-Alcoholic-Sparkling-Ros/3555058526?athcpid=3555058526&amp;athpgid=AthenaContentPage_8604954&amp;athcgid=null&amp;athznid=ItemCarousel_a33497fd-8770-4519-9ec3-11b891ccf6fe_items&amp;athieid=v0&amp;athstid=CS020&amp;athguid=fZ0TNvxS86RnhOIMqZXwWGGGu40sBHjwnBkn&amp;athancid=null&amp;athena=true"><span class="w_iUH7"><h3>Starla Wines Non-Alcoholic Sparkling Ros</h3></span></a><div class="h2 relative mv2"></div><div class="relative"><div class="relative overflow-hidden" style="max-width:226px;height:0;padding-bottom:min(226px, 100%);align-self:center;width:min(226px, 100%)"><img loading="lazy" srcset="https://i5.walmartimages.com/asr/0636ad4a-498d-4406-aca1-05270add1ca3.4ce7543e4a8baf31b8b80d453a19ade4.jpeg?odnHeight=226&amp;odnWidth=226&amp;odnBg=FFFFFF 1x, https://i5.walmartimages.com/asr/0636ad4a-498d-4406-aca1-05270add1ca3.4ce7543e4a8baf31b8b80d453a19ade4.jpeg?odnHeight=576&amp;odnWidth=576&amp;odnBg=FFFFFF 2x" src="https://i5.walmartimages.com/asr/0636ad4a-498d-4406-aca1-05270add1ca3.4ce7543e4a8baf31b8b80d453a19ade4.jpeg?odnHeight=576&amp;odnWidth=576&amp;odnBg=FFFFFF" width="" height="" class="absolute top-0 left-0" data-testid="productTileImage" alt="Starla Wines Non-Alcoholic Sparkling Ros"/></div><div class="z-2 absolute bottom--1"><div class="relative dib" data-id="3555058526"><button class="w_hhLG w_8nsR w_jDfj pointer bn sans-serif b ph2 flex items-center justify-center w-auto shadow-1" type="button" data-pcss-hide="true" data-automation-id="add-to-cart" aria-label="Add to cart - Starla Wines Non-Alcoholic Sparkling Ros"><i class="ld ld-Plus" style="font-size:1.5rem;vertical-align:-0.25em;width:1.5rem;height:1.5rem;box-sizing:content-box" title="add to cart"></i><span class="mr2">Add</span></button></div></div></div><div class="mt5 mb0" style="height:24px" data-testid="variant-3555058526"></div><div data-automation-id="product-price" class="flex flex-wrap justify-start items-center lh-title mb1-m"><div class="mr1 mr2-xl b black lh-copy f5 f4-l" aria-hidden="true">$19.95</div><span class="w_iUH7">current price $19.95</span></div><span class=""><span class="w_V_DM" style="-webkit-line-clamp:3;padding-bottom:0em;margin-bottom:-0em"><span data-automation-id="product-title" class="normal dark-gray mb0 mt1 lh-title f6 f5-l">Starla Wines Non-Alcoholic Sparkling Ros</span></span></span><div class="flex items-center mt2"><span class="black inline-flex mr1" data-testid="product-ratings" data-value="5"><i class="ld ld-StarFill" style="font-size:12px;vertical-align:-0.175em;width:12px;height:12px;box-sizing:content-box" aria-hidden="true"></i><i class="ld ld-StarFill" style="font-size:12px;vertical-align:-0.175em;width:12px;height:12px;box-sizing:content-box" aria-hidden="true"></i><i class="ld ld-StarFill" style="font-size:12px;vertical-align:-0.175em;width:12px;height:12px;box-sizing:content-box" aria-hidden="true"></i><i class="ld ld-StarFill" style="font-size:12px;vertical-align:-0.175em;width:12px;height:12px;box-sizing:content-box" aria-hidden="true"></i><i class="ld ld-StarFill" style="font-size:12px;vertical-align:-0.175em;width:12px;height:12px;box-sizing:content-box" aria-hidden="true"></i></span><span class="sans-serif gray f7" aria-hidden="true" data-testid="product-reviews" data-value="1">1</span><span class="w_iUH7">5 out of 5 Stars. 1 reviews</span></div><div></div><div class="mb2 mt2"><span class="w_iUH7">Available for 3+ day shipping</span><span class="w_VbBP w_mFV6 w_I_19 w_3oNC w_AAn7 mr1 mt1 ph1" aria-hidden="true">3+ day shipping</span></div></div></li><li class="flex flex-column items-center pa1 pr2 pb2" data-slide="4"><div role="group" data-item-id="2090252496" class="sans-serif mid-gray relative flex flex-column w-100 h-100 hide-child-opacity" data-testid="product-tile-4" aria-label="Product"><a link-identifier="2090252496" class="absolute w-100 h-100 z-1 hide-sibling-opacity" target="" href="/ip/Sutter-Home-Fre-White-Zinfandel-Non-alcoholic-Wine-3-Bottles/2090252496?athcpid=2090252496&amp;athpgid=AthenaContentPage_8604954&amp;athcgid=null&amp;athznid=ItemCarousel_a33497fd-8770-4519-9ec3-11b891ccf6fe_items&amp;athieid=v0&amp;athstid=CS020&amp;athguid=fZ0TNvxS86RnhOIMqZXwWGGGu40sBHjwnBkn&amp;athancid=null&amp;athena=true"><span class="w_iUH7"><h3>Sutter Home Fre White Zinfandel Non-alcoholic Wine (3 Bottles)</h3></span></a><div class="h2 relative mv2"></div><div class="relative"><div class="relative overflow-hidden" style="max-width:226px;height:0;padding-bottom:min(226px, 100%);align-self:center;width:min(226px, 100%)"><img loading="lazy" srcset="https://i5.walmartimages.com/asr/132b71f0-64c8-4d87-9ee5-32738aa0a77c.10fcd9d16de3389343e259b3ee424f82.jpeg?odnHeight=226&amp;odnWidth=226&amp;odnBg=FFFFFF 1x, https://i5.walmartimages.com/asr/132b71f0-64c8-4d87-9ee5-32738aa0a77c.10fcd9d16de3389343e259b3ee424f82.jpeg?odnHeight=576&amp;odnWidth=576&amp;odnBg=FFFFFF 2x" src="https://i5.walmartimages.com/asr/132b71f0-64c8-4d87-9ee5-32738aa0a77c.10fcd9d16de3389343e259b3ee424f82.jpeg?odnHeight=576&amp;odnWidth=576&amp;odnBg=FFFFFF" width="" height="" class="absolute top-0 left-0" data-testid="productTileImage" alt="Sutter Home Fre White Zinfandel Non-alcoholic Wine (3 Bottles)"/></div><div class="z-2 absolute bottom--1"><div class="relative dib" data-id="2090252496"><button class="w_hhLG w_8nsR w_jDfj pointer bn sans-serif b ph2 flex items-center justify-center w-auto shadow-1" type="button" data-pcss-hide="true" data-automation-id="add-to-cart" aria-label="Add to cart - Sutter Home Fre White Zinfandel Non-alcoholic Wine (3 Bottles)"><i class="ld ld-Plus" style="font-size:1.5rem;vertical-align:-0.25em;width:1.5rem;height:1.5rem;box-sizing:content-box" title="add to cart"></i><span class="mr2">Add</span></button></div></div></div><div class="mt5 mb0" style="height:24px" data-testid="variant-2090252496"></div><div data-automation-id="product-price" class="flex flex-wrap justify-start items-center lh-title mb1-m"><div class="mr1 mr2-xl b black lh-copy f5 f4-l" aria-hidden="true">$48.99</div><span class="w_iUH7">current price $48.99</span></div><span class=""><span class="w_V_DM" style="-webkit-line-clamp:3;padding-bottom:0em;margin-bottom:-0em"><span data-automation-id="product-title" class="normal dark-gray mb0 mt1 lh-title f6 f5-l">Sutter Home Fre White Zinfandel Non-alcoholic Wine (3 Bottles)</span></span></span><div></div><div class="mb2 mt2"><span class="w_iUH7">Available for 3+ day shipping</span><span class="w_VbBP w_mFV6 w_I_19 w_3oNC w_AAn7 mr1 mt1 ph1" aria-hidden="true">3+ day shipping</span></div></div></li><li class="flex flex-column items-center pa1 pr2 pb2" data-slide="5"><div role="group" data-item-id="3165026654" class="sans-serif mid-gray relative flex flex-column w-100 h-100 hide-child-opacity" data-testid="product-tile-5" aria-label="Product"><a link-identifier="3165026654" class="absolute w-100 h-100 z-1 hide-sibling-opacity" target="" href="/ip/Surely-Wine-Non-Alcoholic-Sparkling-Rose-4Pk-34fo-Pack-of-6/3165026654?athcpid=3165026654&amp;athpgid=AthenaContentPage_8604954&amp;athcgid=null&amp;athznid=ItemCarousel_a33497fd-8770-4519-9ec3-11b891ccf6fe_items&amp;athieid=v0&amp;athstid=CS020&amp;athguid=fZ0TNvxS86RnhOIMqZXwWGGGu40sBHjwnBkn&amp;athancid=null&amp;athena=true"><span class="w_iUH7"><h3>Surely - Wine Non-Alcoholic Sparkling Rose, 4Pk, 34fo | Pack of 6</h3></span></a><div class="h2 relative mv2"></div><div class="relative"><div class="relative overflow-hidden" style="max-width:226px;height:0;padding-bottom:min(226px, 100%);align-self:center;width:min(226px, 100%)"><img loading="lazy" srcset="https://i5.walmartimages.com/asr/e3ad417d-b9c1-4293-b41b-1a7939a45d76.5a76df54bd3df54ed72815fd654080b6.jpeg?odnHeight=226&amp;odnWidth=226&amp;odnBg=FFFFFF 1x, https://i5.walmartimages.com/asr/e3ad417d-b9c1-4293-b41b-1a7939a45d76.5a76df54bd3df54ed72815fd654080b6.jpeg?odnHeight=576&amp;odnWidth=576&amp;odnBg=FFFFFF 2x" src="https://i5.walmartimages.com/asr/e3ad417d-b9c1-4293-b41b-1a7939a45d76.5a76df54bd3df54ed72815fd654080b6.jpeg?odnHeight=576&amp;odnWidth=576&amp;odnBg=FFFFFF" width="" height="" class="absolute top-0 left-0" data-testid="productTileImage" alt="Surely - Wine Non-Alcoholic Sparkling Rose, 4Pk, 34fo | Pack of 6"/></div><div class="z-2 absolute bottom--1"><div class="relative dib" data-id="3165026654"><button class="w_hhLG w_8nsR w_jDfj pointer bn sans-serif b ph2 flex items-center justify-center w-auto shadow-1" type="button" data-pcss-hide="true" data-automation-id="add-to-cart" aria-label="Add to cart - Surely - Wine Non-Alcoholic Sparkling Rose, 4Pk, 34fo | Pack of 6"><i class="ld ld-Plus" style="font-size:1.5rem;vertical-align:-0.25em;width:1.5rem;height:1.5rem;box-sizing:content-box" title="add to cart"></i><span class="mr2">Add</span></button></div></div></div><div class="mt5 mb0" style="height:24px" data-testid="variant-3165026654"></div><div data-automation-id="product-price" class="flex flex-wrap justify-start items-center lh-title mb1-m"><div class="mr1 mr2-xl b black green lh-copy f5 f4-l" aria-hidden="true">Now $24.99</div><span class="w_iUH7">current price Now $24.99</span><div class="gray mr1 strike f7 f6-l" aria-hidden="true">$151.19</div><span class="w_iUH7">Was $151.19</span></div><span class=""><span class="w_V_DM" style="-webkit-line-clamp:3;padding-bottom:0em;margin-bottom:-0em"><span data-automation-id="product-title" class="normal dark-gray mb0 mt1 lh-title f6 f5-l">Surely - Wine Non-Alcoholic Sparkling Rose, 4Pk, 34fo | Pack of 6</span></span></span><div class="flex items-center mt2"><span class="black inline-flex mr1" data-testid="product-ratings" data-value="1"><i class="ld ld-StarFill" style="font-size:12px;vertical-align:-0.175em;width:12px;height:12px;box-sizing:content-box" aria-hidden="true"></i><i class="ld ld-Star" style="font-size:12px;vertical-align:-0.175em;width:12px;height:12px;box-sizing:content-box" aria-hidden="true"></i><i class="ld ld-Star" style="font-size:12px;vertical-align:-0.175em;width:12px;height:12px;box-sizing:content-box" aria-hidden="true"></i><i class="ld ld-Star" style="font-size:12px;vertical-align:-0.175em;width:12px;height:12px;box-sizing:content-box" aria-hidden="true"></i><i class="ld ld-Star" style="font-size:12px;vertical-align:-0.175em;width:12px;height:12px;box-sizing:content-box" aria-hidden="true"></i></span><span class="sans-serif gray f7" aria-hidden="true" data-testid="product-reviews" data-value="1">1</span><span class="w_iUH7">1 out of 5 Stars. 1 reviews</span></div><div></div><div class="mb2 mt2"><span class="w_iUH7">Available for 3+ day shipping</span><span class="w_VbBP w_mFV6 w_I_19 w_3oNC w_AAn7 mr1 mt1 ph1" aria-hidden="true">3+ day shipping</span></div></div></li></ul><a link-identifier="horizontalScrollerNext" class="absolute dn z-5 bg-white br-100 pa0 pointer db-l br-100 nav-control right-1" aria-label="Next slide for Product Carousel list" data-testid="horizontal-scroller-next" role="button"><i class="ld ld-ChevronRight" style="font-size:1.5rem;vertical-align:-0.25em;padding:12px;width:1.5rem;height:1.5rem;box-sizing:content-box"></i></a></div></section></section></div> <div class="mv3 mv4-xl mh3 mb4-xl mb3 mr3-m mh0-l bb b--near-white" data-testid="HubSpokesNxM" id="HubSpokesNxM"><section><header class="flex justify-between items-baseline"><h2 class="w_kV33 w_Sl3f w_mvVb lh-title ma0">Wine brands</h2><button class="w_hhLG w_DZvO w_0_LY dn db-l pa0 lh-title h-auto" type="button">See less</button></header><div class="w_KPWk w_GxNv" role="list" id="Hubspokes4orNxMGrid"><div class="w_aoqv w_wRee w_fdPt w_VTyJ tc mt3 content-between flex-grow-0" role="listitem" id="GridColumn-0"><a link-identifier="41e16200-767e-11ed-a2b9-fb4858db1619" class="no-underline sans-serif flex flex-column items-center" href="https://www.walmart.com/cp/14-hands/9473391?povid=976759_hubspoke_8604954_Winebrands_14hands_Rweb_Oct_27"><img loading="lazy" srcset="https://i5.walmartimages.com/dfw/4ff9c6c9-ed37/k2-_67e4e689-19d5-47f2-9aa8-199485287d5f.v1.jpg?odnHeight=290&amp;odnWidth=290&amp;odnBg=FFFFFF 1x," src="https://i5.walmartimages.com/dfw/4ff9c6c9-ed37/k2-_67e4e689-19d5-47f2-9aa8-199485287d5f.v1.jpg?odnHeight=290&amp;odnWidth=290&amp;odnBg=FFFFFF" alt="" class="w-100 h-auto" width="290" height="290" style="width:;height:;max-width:290px"/><div class="w-100 tc"><span class="ma0 mid-gray lh-copy f5-l w_V_DM" style="height:">14 hands</span></div></a></div><div class="w_aoqv w_wRee w_fdPt w_VTyJ tc mt3 content-between flex-grow-0" role="listitem" id="GridColumn-1"><a link-identifier="f69117b0-5179-11ed-ae16-0b96cf1a6ee3" class="no-underline sans-serif flex flex-column items-center" href="https://www.walmart.com/cp/19-crimes/9346726?povid=976759_hubspoke_8604954_Winebrands_19Crimes_Rweb_Oct_27"><img loading="lazy" srcset="https://i5.walmartimages.com/dfw/4ff9c6c9-aa52/k2-_99166613-a5e4-44df-a7f6-62c0857396c5.v1.jpg?odnHeight=290&amp;odnWidth=290&amp;odnBg=FFFFFF 1x," src="https://i5.walmartimages.com/dfw/4ff9c6c9-aa52/k2-_99166613-a5e4-44df-a7f6-62c0857396c5.v1.jpg?odnHeight=290&amp;odnWidth=290&amp;odnBg=FFFFFF" alt="" class="w-100 h-auto" width="290" height="290" style="width:;height:;max-width:290px"/><div class="w-100 tc"><span class="ma0 mid-gray lh-copy f5-l w_V_DM" style="height:">19 Crimes</span></div></a></div><div class="w_aoqv w_wRee w_fdPt w_VTyJ tc mt3 content-between flex-grow-0" role="listitem" id="GridColumn-2"><a link-identifier="c0692d70-3087-11ed-8423-657f563ef018" class="no-underline sans-serif flex flex-column items-center" href="https://www.walmart.com/search?q=andre+champagne&amp;povid=976759_hubspoke_8604954_Winebrands_Andre_Rweb_Oct_27"><img loading="lazy" srcset="https://i5.walmartimages.com/dfw/4ff9c6c9-cda0/k2-_20d1dcb8-7466-4aea-830b-6cf0ff5ebb48.v1.jpg?odnHeight=290&amp;odnWidth=290&amp;odnBg=FFFFFF 1x," src="https://i5.walmartimages.com/dfw/4ff9c6c9-cda0/k2-_20d1dcb8-7466-4aea-830b-6cf0ff5ebb48.v1.jpg?odnHeight=290&amp;odnWidth=290&amp;odnBg=FFFFFF" alt="" class="w-100 h-auto" width="290" height="290" style="width:;height:;max-width:290px"/><div class="w-100 tc"><span class="ma0 mid-gray lh-copy f5-l w_V_DM" style="height:">André</span></div></a></div><div class="w_aoqv w_wRee w_fdPt w_VTyJ tc mt3 content-between flex-grow-0" role="listitem" id="GridColumn-3"><a link-identifier="ffc8c9a0-5ed4-11ed-8484-d5c9b4754986" class="no-underline sans-serif flex flex-column items-center" href="https://www.walmart.com/cp/apothic/5164077?povid=976759_hubspoke_8604954_Winebrands_Apothic_Rweb_Oct_27"><img loading="lazy" srcset="https://i5.walmartimages.com/dfw/4ff9c6c9-acbf/k2-_44e8428f-712a-4e40-bc5c-364d2cfdf245.v1.jpg?odnHeight=290&amp;odnWidth=290&amp;odnBg=FFFFFF 1x," src="https://i5.walmartimages.com/dfw/4ff9c6c9-acbf/k2-_44e8428f-712a-4e40-bc5c-364d2cfdf245.v1.jpg?odnHeight=290&amp;odnWidth=290&amp;odnBg=FFFFFF" alt="" class="w-100 h-auto" width="290" height="290" style="width:;height:;max-width:290px"/><div class="w-100 tc"><span class="ma0 mid-gray lh-copy f5-l w_V_DM" style="height:">Apothic</span></div></a></div><div class="w_aoqv w_wRee w_fdPt w_VTyJ tc mt3 content-between flex-grow-0" role="listitem" id="GridColumn-4"><a link-identifier="c52fb830-5ed4-11ed-a87f-71b968a89549" class="no-underline sans-serif flex flex-column items-center" href="https://www.walmart.com/cp/austin-hope/1397506?povid=976759_hubspoke_8604954_Winebrands_AustinHope_Rweb_Oct_27"><img loading="lazy" srcset="https://i5.walmartimages.com/dfw/4ff9c6c9-1adc/k2-_227559fb-5572-4d35-868d-b142342a33c6.v1.png?odnHeight=290&amp;odnWidth=290&amp;odnBg=FFFFFF 1x," src="https://i5.walmartimages.com/dfw/4ff9c6c9-1adc/k2-_227559fb-5572-4d35-868d-b142342a33c6.v1.png?odnHeight=290&amp;odnWidth=290&amp;odnBg=FFFFFF" alt="" class="w-100 h-auto" width="290" height="290" style="width:;height:;max-width:290px"/><div class="w-100 tc"><span class="ma0 mid-gray lh-copy f5-l w_V_DM" style="height:">Austin Hope</span></div></a></div><div class="w_aoqv w_wRee w_fdPt w_VTyJ tc mt3 content-between flex-grow-0" role="listitem" id="GridColumn-5"><a link-identifier="d5138d60-3087-11ed-b262-4d8f9914424b" class="no-underline sans-serif flex flex-column items-center" href="https://www.walmart.com/cp/barefoot-wine/2273303?povid=976759_hubspoke_8604954_Winebrands_Barefoot_Rweb_Oct_27"><img loading="lazy" srcset="https://i5.walmartimages.com/dfw/4ff9c6c9-2cdf/k2-_0b03e512-aea4-4aba-a887-a8d009e60279.v1.jpg?odnHeight=290&amp;odnWidth=290&amp;odnBg=FFFFFF 1x," src="https://i5.walmartimages.com/dfw/4ff9c6c9-2cdf/k2-_0b03e512-aea4-4aba-a887-a8d009e60279.v1.jpg?odnHeight=290&amp;odnWidth=290&amp;odnBg=FFFFFF" alt="" class="w-100 h-auto" width="290" height="290" style="width:;height:;max-width:290px"/><div class="w-100 tc"><span class="ma0 mid-gray lh-copy f5-l w_V_DM" style="height:">Barefoot</span></div></a></div><div class="w_aoqv w_wRee w_fdPt w_VTyJ tc mt3 content-between flex-grow-0" role="listitem" id="GridColumn-6"><a link-identifier="0f58b470-5ed5-11ed-a87f-71b968a89549" class="no-underline sans-serif flex flex-column items-center" href="https://www.walmart.com/cp/black-box-wines/6669549?povid=976759_hubspoke_8604954_Winebrands_BlackBox_Rweb_Oct_27"><img loading="lazy" srcset="https://i5.walmartimages.com/dfw/4ff9c6c9-68eb/k2-_e8d18e95-c6ac-4f3d-bc82-9ec755df8a63.v1.jpg?odnHeight=290&amp;odnWidth=290&amp;odnBg=FFFFFF 1x," src="https://i5.walmartimages.com/dfw/4ff9c6c9-68eb/k2-_e8d18e95-c6ac-4f3d-bc82-9ec755df8a63.v1.jpg?odnHeight=290&amp;odnWidth=290&amp;odnBg=FFFFFF" alt="" class="w-100 h-auto" width="290" height="290" style="width:;height:;max-width:290px"/><div class="w-100 tc"><span class="ma0 mid-gray lh-copy f5-l w_V_DM" style="height:">Black Box</span></div></a></div><div class="w_aoqv w_wRee w_fdPt w_VTyJ tc mt3 content-between flex-grow-0" role="listitem" id="GridColumn-7"><a link-identifier="7557ee70-d4a6-11ed-8dc5-d77172b469b0" class="no-underline sans-serif flex flex-column items-center" href="https://www.walmart.com/cp/bonterra/9689004?povid=976759_hubspoke_8604954_Winebrands_Bonterra_Rweb_Oct_27"><img loading="lazy" srcset="https://i5.walmartimages.com/dfw/4ff9c6c9-4c82/k2-_05a7219c-ba1d-47dc-86b3-2f5a6777ad48.v1.png?odnHeight=290&amp;odnWidth=290&amp;odnBg=FFFFFF 1x," src="https://i5.walmartimages.com/dfw/4ff9c6c9-4c82/k2-_05a7219c-ba1d-47dc-86b3-2f5a6777ad48.v1.png?odnHeight=290&amp;odnWidth=290&amp;odnBg=FFFFFF" alt="" class="w-100 h-auto" width="290" height="290" style="width:;height:;max-width:290px"/><div class="w-100 tc"><span class="ma0 mid-gray lh-copy f5-l w_V_DM" style="height:">Bonterra</span></div></a></div><div class="w_aoqv w_wRee w_fdPt w_VTyJ tc mt3 content-between flex-grow-0" role="listitem" id="GridColumn-8"><a link-identifier="011903f0-517a-11ed-ae16-0b96cf1a6ee3" class="no-underline sans-serif flex flex-column items-center" href="https://www.walmart.com/cp/bota-box/2965249?povid=976759_hubspoke_8604954_Winebrands_BotaBox_Rweb_Oct_27"><img loading="lazy" srcset="https://i5.walmartimages.com/dfw/4ff9c6c9-514b/k2-_fa177732-bc3b-42ab-a494-d9aaca2f6e67.v1.png?odnHeight=290&amp;odnWidth=290&amp;odnBg=FFFFFF 1x," src="https://i5.walmartimages.com/dfw/4ff9c6c9-514b/k2-_fa177732-bc3b-42ab-a494-d9aaca2f6e67.v1.png?odnHeight=290&amp;odnWidth=290&amp;odnBg=FFFFFF" alt="" class="w-100 h-auto" width="290" height="290" style="width:;height:;max-width:290px"/><div class="w-100 tc"><span class="ma0 mid-gray lh-copy f5-l w_V_DM" style="height:">Bota Box</span></div></a></div><div class="w_aoqv w_wRee w_fdPt w_VTyJ tc mt3 content-between flex-grow-0" role="listitem" id="GridColumn-9"><a link-identifier="a21ecaa0-d4a6-11ed-8dc5-d77172b469b0" class="no-underline sans-serif flex flex-column items-center" href="https://www.walmart.com/cp/cavit/3465469?povid=976759_hubspoke_8604954_Winebrands_Cavit_Rweb_Oct_27"><img loading="lazy" srcset="https://i5.walmartimages.com/dfw/4ff9c6c9-8c63/k2-_acc8eaa1-80b5-49a1-969a-d198d904a5ea.v1.png?odnHeight=290&amp;odnWidth=290&amp;odnBg=FFFFFF 1x," src="https://i5.walmartimages.com/dfw/4ff9c6c9-8c63/k2-_acc8eaa1-80b5-49a1-969a-d198d904a5ea.v1.png?odnHeight=290&amp;odnWidth=290&amp;odnBg=FFFFFF" alt="" class="w-100 h-auto" width="290" height="290" style="width:;height:;max-width:290px"/><div class="w-100 tc"><span class="ma0 mid-gray lh-copy f5-l w_V_DM" style="height:">Cavit</span></div></a></div><div class="w_aoqv w_wRee w_fdPt w_VTyJ tc mt3 content-between flex-grow-0" role="listitem" id="GridColumn-10"><a link-identifier="e03458a0-d4a6-11ed-8fd0-132646a8d24d" class="no-underline sans-serif flex flex-column items-center" href="https://www.walmart.com/cp/chandon/9222207?povid=976759_hubspoke_8604954_Winebrands_Chandon_Rweb_Oct_27"><img loading="lazy" srcset="https://i5.walmartimages.com/dfw/4ff9c6c9-8a7e/k2-_c60a5159-cf42-4212-8fa1-1e90bac14fa3.v1.png?odnHeight=290&amp;odnWidth=290&amp;odnBg=FFFFFF 1x," src="https://i5.walmartimages.com/dfw/4ff9c6c9-8a7e/k2-_c60a5159-cf42-4212-8fa1-1e90bac14fa3.v1.png?odnHeight=290&amp;odnWidth=290&amp;odnBg=FFFFFF" alt="" class="w-100 h-auto" width="290" height="290" style="width:;height:;max-width:290px"/><div class="w-100 tc"><span class="ma0 mid-gray lh-copy f5-l w_V_DM" style="height:">Chandon</span></div></a></div><div class="w_aoqv w_wRee w_fdPt w_VTyJ tc mt3 content-between flex-grow-0" role="listitem" id="GridColumn-11"><a link-identifier="5093e520-767e-11ed-a87f-71b968a89549" class="no-underline sans-serif flex flex-column items-center" href="https://www.walmart.com/cp/chateau-ste-michelle/7292198?povid=976759_hubspoke_8604954_Winebrands_ChateauSteMichelle_Rweb_Oct_27"><img loading="lazy" srcset="https://i5.walmartimages.com/dfw/4ff9c6c9-1b4d/k2-_e6d1754d-12fb-4608-97b0-405d7f3655df.v1.jpg?odnHeight=290&amp;odnWidth=290&amp;odnBg=FFFFFF 1x," src="https://i5.walmartimages.com/dfw/4ff9c6c9-1b4d/k2-_e6d1754d-12fb-4608-97b0-405d7f3655df.v1.jpg?odnHeight=290&amp;odnWidth=290&amp;odnBg=FFFFFF" alt="" class="w-100 h-auto" width="290" height="290" style="width:;height:;max-width:290px"/><div class="w-100 tc"><span class="ma0 mid-gray lh-copy f5-l w_V_DM" style="height:">Chateau Ste Michelle</span></div></a></div><div class="w_aoqv w_wRee w_fdPt w_VTyJ tc mt3 content-between flex-grow-0" role="listitem" id="GridColumn-12"><a link-identifier="c13efb20-7cd2-11ed-b759-818fe03f39ad" class="no-underline sans-serif flex flex-column items-center" href="https://www.walmart.com/cp/clos-du-bois/2373175?povid=976759_hubspoke_8604954_Winebrands_ClosduBois_Rweb_Oct_27"><img loading="lazy" srcset="https://i5.walmartimages.com/dfw/4ff9c6c9-bc6f/k2-_e6814365-398a-470f-a8bf-96ce7303bb99.v1.png?odnHeight=290&amp;odnWidth=290&amp;odnBg=FFFFFF 1x," src="https://i5.walmartimages.com/dfw/4ff9c6c9-bc6f/k2-_e6814365-398a-470f-a8bf-96ce7303bb99.v1.png?odnHeight=290&amp;odnWidth=290&amp;odnBg=FFFFFF" alt="" class="w-100 h-auto" width="290" height="290" style="width:;height:;max-width:290px"/><div class="w-100 tc"><span class="ma0 mid-gray lh-copy f5-l w_V_DM" style="height:">Clos du Bois</span></div></a></div><div class="w_aoqv w_wRee w_fdPt w_VTyJ tc mt3 content-between flex-grow-0" role="listitem" id="GridColumn-13"><a link-identifier="eb1dcb70-3087-11ed-bc78-778ff0eb3046" class="no-underline sans-serif flex flex-column items-center" href="https://www.walmart.com/cp/coppola/8975100?povid=976759_hubspoke_8604954_Winebrands_Coppola_Rweb_Oct_27"><img loading="lazy" srcset="https://i5.walmartimages.com/dfw/4ff9c6c9-d2ab/k2-_91409515-1a76-453b-8739-d55be8c358ad.v1.jpg?odnHeight=290&amp;odnWidth=290&amp;odnBg=FFFFFF 1x," src="https://i5.walmartimages.com/dfw/4ff9c6c9-d2ab/k2-_91409515-1a76-453b-8739-d55be8c358ad.v1.jpg?odnHeight=290&amp;odnWidth=290&amp;odnBg=FFFFFF" alt="" class="w-100 h-auto" width="290" height="290" style="width:;height:;max-width:290px"/><div class="w-100 tc"><span class="ma0 mid-gray lh-copy f5-l w_V_DM" style="height:">Coppola</span></div></a></div><div class="w_aoqv w_wRee w_fdPt w_VTyJ tc mt3 content-between flex-grow-0" role="listitem" id="GridColumn-14"><a link-identifier="cca071c0-d4a6-11ed-8136-c92b461e1060" class="no-underline sans-serif flex flex-column items-center" href="https://www.walmart.com/cp/cupcake-vineyards/3477475?povid=976759_hubspoke_8604954_Winebrands_CupcakeVineyards_Rweb_Oct_27"><img loading="lazy" srcset="https://i5.walmartimages.com/dfw/4ff9c6c9-4537/k2-_e85c69c3-6ba9-47f2-9976-441f11bf2793.v1.jpg?odnHeight=290&amp;odnWidth=290&amp;odnBg=FFFFFF 1x," src="https://i5.walmartimages.com/dfw/4ff9c6c9-4537/k2-_e85c69c3-6ba9-47f2-9976-441f11bf2793.v1.jpg?odnHeight=290&amp;odnWidth=290&amp;odnBg=FFFFFF" alt="" class="w-100 h-auto" width="290" height="290" style="width:;height:;max-width:290px"/><div class="w-100 tc"><span class="ma0 mid-gray lh-copy f5-l w_V_DM" style="height:">Cupcake Vineyards</span></div></a></div><div class="w_aoqv w_wRee w_fdPt w_VTyJ tc mt3 content-between flex-grow-0" role="listitem" id="GridColumn-15"><a link-identifier="0b92bf60-517a-11ed-b1f0-bf2fa6d44940" class="no-underline sans-serif flex flex-column items-center" href="https://www.walmart.com/cp/daou-vineyards/8252349?povid=976759_hubspoke_8604954_Winebrands_Daou_Rweb_Oct_27"><img loading="lazy" srcset="https://i5.walmartimages.com/dfw/4ff9c6c9-7b2d/k2-_20cb5198-fe48-4a96-8ccb-0ae0a2025950.v1.jpg?odnHeight=290&amp;odnWidth=290&amp;odnBg=FFFFFF 1x," src="https://i5.walmartimages.com/dfw/4ff9c6c9-7b2d/k2-_20cb5198-fe48-4a96-8ccb-0ae0a2025950.v1.jpg?odnHeight=290&amp;odnWidth=290&amp;odnBg=FFFFFF" alt="" class="w-100 h-auto" width="290" height="290" style="width:;height:;max-width:290px"/><div class="w-100 tc"><span class="ma0 mid-gray lh-copy f5-l w_V_DM" style="height:">Daou</span></div></a></div><div class="w_aoqv w_wRee w_fdPt w_VTyJ tc mt3 content-between flex-grow-0" role="listitem" id="GridColumn-16"><a link-identifier="106d4550-517a-11ed-ae16-0b96cf1a6ee3" class="no-underline sans-serif flex flex-column items-center" href="https://www.walmart.com/cp/decoy-wines/5918928?povid=976759_hubspoke_8604954_Winebrands_Decoy_Rweb_Oct_27"><img loading="lazy" srcset="https://i5.walmartimages.com/dfw/4ff9c6c9-be43/k2-_6afe4ca4-f296-4ab6-8442-b7fdcb13070d.v1.jpg?odnHeight=290&amp;odnWidth=290&amp;odnBg=FFFFFF 1x," src="https://i5.walmartimages.com/dfw/4ff9c6c9-be43/k2-_6afe4ca4-f296-4ab6-8442-b7fdcb13070d.v1.jpg?odnHeight=290&amp;odnWidth=290&amp;odnBg=FFFFFF" alt="" class="w-100 h-auto" width="290" height="290" style="width:;height:;max-width:290px"/><div class="w-100 tc"><span class="ma0 mid-gray lh-copy f5-l w_V_DM" style="height:">Decoy</span></div></a></div><div class="w_aoqv w_wRee w_fdPt w_VTyJ tc mt3 content-between flex-grow-0" role="listitem" id="GridColumn-17"><a link-identifier="150df690-517a-11ed-8f8a-f977cd9016b3" class="no-underline sans-serif flex flex-column items-center" href="https://www.walmart.com/cp/earthgrown/7337758?povid=976759_hubspoke_8604954_Winebrands_Earthgrown_Rweb_Oct_27"><img loading="lazy" srcset="https://i5.walmartimages.com/dfw/4ff9c6c9-360a/k2-_9814abc1-11fa-4b3e-8480-e35741f52b51.v1.jpg?odnHeight=290&amp;odnWidth=290&amp;odnBg=FFFFFF 1x," src="https://i5.walmartimages.com/dfw/4ff9c6c9-360a/k2-_9814abc1-11fa-4b3e-8480-e35741f52b51.v1.jpg?odnHeight=290&amp;odnWidth=290&amp;odnBg=FFFFFF" alt="" class="w-100 h-auto" width="290" height="290" style="width:;height:;max-width:290px"/><div class="w-100 tc"><span class="ma0 mid-gray lh-copy f5-l w_V_DM" style="height:">Earthgrown</span></div></a></div><div class="w_aoqv w_wRee w_fdPt w_VTyJ tc mt3 content-between flex-grow-0" role="listitem" id="GridColumn-18"><a link-identifier="3d21ac20-0ac7-11ed-80e7-b1f69c012e33" class="no-underline sans-serif flex flex-column items-center" href="https://www.walmart.com/cp/freixenet/6189796?povid=976759_hubspoke_8604954_Winebrands_Freixenet_Rweb_Oct_27"><img loading="lazy" srcset="https://i5.walmartimages.com/dfw/4ff9c6c9-a20b/k2-_2460c355-e6f3-479c-b6a3-41d9e8a5ef82.v1.png?odnHeight=290&amp;odnWidth=290&amp;odnBg=FFFFFF 1x," src="https://i5.walmartimages.com/dfw/4ff9c6c9-a20b/k2-_2460c355-e6f3-479c-b6a3-41d9e8a5ef82.v1.png?odnHeight=290&amp;odnWidth=290&amp;odnBg=FFFFFF" alt="" class="w-100 h-auto" width="290" height="290" style="width:;height:;max-width:290px"/><div class="w-100 tc"><span class="ma0 mid-gray lh-copy f5-l w_V_DM" style="height:">Freixenet</span></div></a></div><div class="w_aoqv w_wRee w_fdPt w_VTyJ tc mt3 content-between flex-grow-0" role="listitem" id="GridColumn-19"><a link-identifier="3aeb1be0-517a-11ed-b1f0-bf2fa6d44940" class="no-underline sans-serif flex flex-column items-center" href="https://www.walmart.com/cp/joel-gott/7281413?povid=976759_hubspoke_8604954_Winebrands_JoelGott_Rweb_Oct_27"><img loading="lazy" srcset="https://i5.walmartimages.com/dfw/4ff9c6c9-6bf2/k2-_7056d067-d3d2-4c77-8224-d83770f7a353.v1.jpg?odnHeight=290&amp;odnWidth=290&amp;odnBg=FFFFFF 1x," src="https://i5.walmartimages.com/dfw/4ff9c6c9-6bf2/k2-_7056d067-d3d2-4c77-8224-d83770f7a353.v1.jpg?odnHeight=290&amp;odnWidth=290&amp;odnBg=FFFFFF" alt="" class="w-100 h-auto" width="290" height="290" style="width:;height:;max-width:290px"/><div class="w-100 tc"><span class="ma0 mid-gray lh-copy f5-l w_V_DM" style="height:">Joel Gott</span></div></a></div><div class="w_aoqv w_wRee w_fdPt w_VTyJ tc mt3 content-between flex-grow-0" role="listitem" id="GridColumn-20"><a link-identifier="5e6e9af0-0ac7-11ed-b4e5-07f94a0bdc79" class="no-underline sans-serif flex flex-column items-center" href="https://www.walmart.com/cp/josh-cellars/6085300?povid=976759_hubspoke_8604954_Winebrands_JoshCellars_Rweb_Oct_27"><img loading="lazy" srcset="https://i5.walmartimages.com/dfw/4ff9c6c9-7104/k2-_0eb14965-4af3-4759-b88c-71ca47537ae3.v1.jpg?odnHeight=290&amp;odnWidth=290&amp;odnBg=FFFFFF 1x," src="https://i5.walmartimages.com/dfw/4ff9c6c9-7104/k2-_0eb14965-4af3-4759-b88c-71ca47537ae3.v1.jpg?odnHeight=290&amp;odnWidth=290&amp;odnBg=FFFFFF" alt="" class="w-100 h-auto" width="290" height="290" style="width:;height:;max-width:290px"/><div class="w-100 tc"><span class="ma0 mid-gray lh-copy f5-l w_V_DM" style="height:">Josh Cellars</span></div></a></div><div class="w_aoqv w_wRee w_fdPt w_VTyJ tc mt3 content-between flex-grow-0" role="listitem" id="GridColumn-21"><a link-identifier="65a9f440-0ac7-11ed-9f96-c9abec8312b6" class="no-underline sans-serif flex flex-column items-center" href="https://www.walmart.com/cp/kendall-jackson/5428466?povid=976759_hubspoke_8604954_Winebrands_KendallJackson_Rweb_Oct_27"><img loading="lazy" srcset="https://i5.walmartimages.com/dfw/4ff9c6c9-4af5/k2-_57bf90f4-4897-4f15-9850-6ca2d5cf48e2.v1.jpg?odnHeight=290&amp;odnWidth=290&amp;odnBg=FFFFFF 1x," src="https://i5.walmartimages.com/dfw/4ff9c6c9-4af5/k2-_57bf90f4-4897-4f15-9850-6ca2d5cf48e2.v1.jpg?odnHeight=290&amp;odnWidth=290&amp;odnBg=FFFFFF" alt="" class="w-100 h-auto" width="290" height="290" style="width:;height:;max-width:290px"/><div class="w-100 tc"><span class="ma0 mid-gray lh-copy f5-l w_V_DM" style="height:">Kendall-Jackson</span></div></a></div><div class="w_aoqv w_wRee w_fdPt w_VTyJ tc mt3 content-between flex-grow-0" role="listitem" id="GridColumn-22"><a link-identifier="346255d0-767e-11ed-9da9-07358b19a998" class="no-underline sans-serif flex flex-column items-center" href="https://www.walmart.com/cp/korbel/9109923?povid=976759_hubspoke_8604954_Winebrands_Korbel_Rweb_Oct_27"><img loading="lazy" srcset="https://i5.walmartimages.com/dfw/4ff9c6c9-f9f8/k2-_1b59d559-5dce-4fb7-b539-91bbeaa430e4.v1.jpg?odnHeight=290&amp;odnWidth=290&amp;odnBg=FFFFFF 1x," src="https://i5.walmartimages.com/dfw/4ff9c6c9-f9f8/k2-_1b59d559-5dce-4fb7-b539-91bbeaa430e4.v1.jpg?odnHeight=290&amp;odnWidth=290&amp;odnBg=FFFFFF" alt="" class="w-100 h-auto" width="290" height="290" style="width:;height:;max-width:290px"/><div class="w-100 tc"><span class="ma0 mid-gray lh-copy f5-l w_V_DM" style="height:">Korbel</span></div></a></div><div class="w_aoqv w_wRee w_fdPt w_VTyJ tc mt3 content-between flex-grow-0" role="listitem" id="GridColumn-23"><a link-identifier="6c22c0e0-0ac7-11ed-84bc-8d5575f635ca" class="no-underline sans-serif flex flex-column items-center" href="https://www.walmart.com/cp/la-crema/2664155?povid=976759_hubspoke_8604954_Winebrands_LaCrema_Rweb_Oct_27"><img loading="lazy" srcset="https://i5.walmartimages.com/dfw/4ff9c6c9-4bbc/k2-_99f7515d-2ce3-4e8f-93a9-fd55fd6e7460.v1.jpg?odnHeight=290&amp;odnWidth=290&amp;odnBg=FFFFFF 1x," src="https://i5.walmartimages.com/dfw/4ff9c6c9-4bbc/k2-_99f7515d-2ce3-4e8f-93a9-fd55fd6e7460.v1.jpg?odnHeight=290&amp;odnWidth=290&amp;odnBg=FFFFFF" alt="" class="w-100 h-auto" width="290" height="290" style="width:;height:;max-width:290px"/><div class="w-100 tc"><span class="ma0 mid-gray lh-copy f5-l w_V_DM" style="height:">La Crema</span></div></a></div><div class="w_aoqv w_wRee w_fdPt w_VTyJ tc mt3 content-between flex-grow-0" role="listitem" id="GridColumn-24"><a link-identifier="27081700-5ed5-11ed-aa89-97d956c3c58f" class="no-underline sans-serif flex flex-column items-center" href="https://www.walmart.com/cp/la-marca/1267392?povid=976759_hubspoke_8604954_Winebrands_LaMarca_Rweb_Oct_27"><img loading="lazy" srcset="https://i5.walmartimages.com/dfw/4ff9c6c9-ffae/k2-_a1dec396-2257-4049-a4a8-5d885dd29fca.v1.jpg?odnHeight=290&amp;odnWidth=290&amp;odnBg=FFFFFF 1x," src="https://i5.walmartimages.com/dfw/4ff9c6c9-ffae/k2-_a1dec396-2257-4049-a4a8-5d885dd29fca.v1.jpg?odnHeight=290&amp;odnWidth=290&amp;odnBg=FFFFFF" alt="" class="w-100 h-auto" width="290" height="290" style="width:;height:;max-width:290px"/><div class="w-100 tc"><span class="ma0 mid-gray lh-copy f5-l w_V_DM" style="height:">La Marca</span></div></a></div><div class="w_aoqv w_wRee w_fdPt w_VTyJ tc mt3 content-between flex-grow-0" role="listitem" id="GridColumn-25"><a link-identifier="0273ca80-7cd3-11ed-a941-43c681b6e83a" class="no-underline sans-serif flex flex-column items-center" href="https://www.walmart.com/search?q=Liberty+creek&amp;povid=976759_hubspoke_8604954_Winebrands_LibertyCreek_Rweb_Oct_27"><img loading="lazy" srcset="https://i5.walmartimages.com/dfw/4ff9c6c9-6a58/k2-_f8443ad2-28a0-4c79-b29f-9ed58311def7.v1.png?odnHeight=290&amp;odnWidth=290&amp;odnBg=FFFFFF 1x," src="https://i5.walmartimages.com/dfw/4ff9c6c9-6a58/k2-_f8443ad2-28a0-4c79-b29f-9ed58311def7.v1.png?odnHeight=290&amp;odnWidth=290&amp;odnBg=FFFFFF" alt="" class="w-100 h-auto" width="290" height="290" style="width:;height:;max-width:290px"/><div class="w-100 tc"><span class="ma0 mid-gray lh-copy f5-l w_V_DM" style="height:">Liberty Creek</span></div></a></div><div class="w_aoqv w_wRee w_fdPt w_VTyJ tc mt3 content-between flex-grow-0" role="listitem" id="GridColumn-26"><a link-identifier="24898790-7cd3-11ed-8b82-7d2f23a3beee" class="no-underline sans-serif flex flex-column items-center" href="https://www.walmart.com/cp/mark-west/4067319https://www.walmart.com/cp/mark-west/4067319?povid=976759_hubspoke_8604954_Winebrands_MarkWest_Rweb_Oct_27"><img loading="lazy" srcset="https://i5.walmartimages.com/dfw/4ff9c6c9-fd79/k2-_154dc2bf-8b6d-449b-a67b-e81c130f575a.v1.png?odnHeight=290&amp;odnWidth=290&amp;odnBg=FFFFFF 1x," src="https://i5.walmartimages.com/dfw/4ff9c6c9-fd79/k2-_154dc2bf-8b6d-449b-a67b-e81c130f575a.v1.png?odnHeight=290&amp;odnWidth=290&amp;odnBg=FFFFFF" alt="" class="w-100 h-auto" width="290" height="290" style="width:;height:;max-width:290px"/><div class="w-100 tc"><span class="ma0 mid-gray lh-copy f5-l w_V_DM" style="height:">Mark West</span></div></a></div><div class="w_aoqv w_wRee w_fdPt w_VTyJ tc mt3 content-between flex-grow-0" role="listitem" id="GridColumn-27"><a link-identifier="10944de0-ff3f-11ec-80e7-b1f69c012e33" class="no-underline sans-serif flex flex-column items-center" href="https://www.walmart.com/cp/menage-a-trois-wines/4280327?povid=976759_hubspoke_8604954_Winebrands_MenageaTrois_Rweb_Oct_27"><img loading="lazy" srcset="https://i5.walmartimages.com/dfw/4ff9c6c9-d2f7/k2-_775aa16e-ca28-45e5-a7d1-9f22125a5686.v1.jpg?odnHeight=290&amp;odnWidth=290&amp;odnBg=FFFFFF 1x," src="https://i5.walmartimages.com/dfw/4ff9c6c9-d2f7/k2-_775aa16e-ca28-45e5-a7d1-9f22125a5686.v1.jpg?odnHeight=290&amp;odnWidth=290&amp;odnBg=FFFFFF" alt="" class="w-100 h-auto" width="290" height="290" style="width:;height:;max-width:290px"/><div class="w-100 tc"><span class="ma0 mid-gray lh-copy f5-l w_V_DM" style="height:">Ménage à Trois</span></div></a></div><div class="w_aoqv w_wRee w_fdPt w_VTyJ tc mt3 content-between flex-grow-0" role="listitem" id="GridColumn-28"><a link-identifier="78d7e530-654f-11ed-bd03-bd25bed05a9b" class="no-underline sans-serif flex flex-column items-center" href="https://www.walmart.com/cp/moet-chandon/5965800?povid=976759_hubspoke_8604954_Winebrands_MoetandChandon_Rweb_Oct_27"><img loading="lazy" srcset="https://i5.walmartimages.com/dfw/4ff9c6c9-3308/k2-_8c1aa68f-82ca-43fd-95f9-ae336297b6d6.v1.png?odnHeight=290&amp;odnWidth=290&amp;odnBg=FFFFFF 1x," src="https://i5.walmartimages.com/dfw/4ff9c6c9-3308/k2-_8c1aa68f-82ca-43fd-95f9-ae336297b6d6.v1.png?odnHeight=290&amp;odnWidth=290&amp;odnBg=FFFFFF" alt="" class="w-100 h-auto" width="290" height="290" style="width:;height:;max-width:290px"/><div class="w-100 tc"><span class="ma0 mid-gray lh-copy f5-l w_V_DM" style="height:">Moet &amp; Chandon</span></div></a></div><div class="w_aoqv w_wRee w_fdPt w_VTyJ tc mt3 content-between flex-grow-0" role="listitem" id="GridColumn-29"><a link-identifier="34558440-d4a7-11ed-8dc5-d77172b469b0" class="no-underline sans-serif flex flex-column items-center" href="https://www.walmart.com/cp/mumm-champagne/8982894?povid=976759_hubspoke_8604954_Winebrands_MummNapa_Rweb_Oct_27"><img loading="lazy" srcset="https://i5.walmartimages.com/dfw/4ff9c6c9-289c/k2-_fa8e4e48-cd97-4ee7-aaa8-73367a013d59.v1.png?odnHeight=290&amp;odnWidth=290&amp;odnBg=FFFFFF 1x," src="https://i5.walmartimages.com/dfw/4ff9c6c9-289c/k2-_fa8e4e48-cd97-4ee7-aaa8-73367a013d59.v1.png?odnHeight=290&amp;odnWidth=290&amp;odnBg=FFFFFF" alt="" class="w-100 h-auto" width="290" height="290" style="width:;height:;max-width:290px"/><div class="w-100 tc"><span class="ma0 mid-gray lh-copy f5-l w_V_DM" style="height:">Mumm Napa</span></div></a></div></div><button class="w_hhLG w_XK4d w_lgOn w_0_LY mt3 dn-l" type="button">See less<span class="w_DJtv"><i class="ld ld-ChevronUp" style="font-size:1rem;vertical-align:-0.175em;width:1rem;height:1rem;box-sizing:content-box"></i></span></button></section></div> <section class="mv3 mv4-xl ml3 mr3-m mh0-l bb b--near-white bn-l"><div class="flex justify-between sans-serif mb3 items-baseline"><h2 class="f4 f3-m truncate ma0">Ways to shop</h2></div><div class="w_KPWk w_GxNv" role="list"><div class="w_aoqv w_wRee w_b0y1 w_eLjl" role="listitem"><article class="sans-serif shadow-1 br3 w-100 bg-white"><a link-identifier="d9be49fd-2073-44a3-961f-85fbae747f44" class="no-underline" href="https://www.walmart.com/cp/4538947?povid=976759_3upPOVCards_8604954_Waystoshop_Shopbycategory_Rweb_Nov_09"><img loading="lazy" srcset="https://i5.walmartimages.com/dfw/4ff9c6c9-1486/k2-_aa8cb39e-55bc-4b33-b7de-b11d32ce3650.v1.png?odnHeight=222&amp;odnWidth=395&amp;odnBg=FFFFFF 1x,
        https://i5.walmartimages.com/dfw/4ff9c6c9-1486/k2-_aa8cb39e-55bc-4b33-b7de-b11d32ce3650.v1.png?odnHeight=444&amp;odnWidth=790&amp;odnBg=FFFFFF 2x" src="https://i5.walmartimages.com/dfw/4ff9c6c9-1486/k2-_aa8cb39e-55bc-4b33-b7de-b11d32ce3650.v1.png?odnHeight=222&amp;odnWidth=395&amp;odnBg=FFFFFF" alt="" class="w-100 br3 br--top db h-auto" width="395" height="222"/><div class="pa3 pb0"><h3 class="f4 ma0 mb1 mb2-xl dark-gray lh-title truncate">Shop by category</h3><p class="f6 ma0 mid-gray lh-copy" style="height:2.5rem;overflow:hidden;text-overflow:ellipsis" title="Beer, wine, spirits, pre-mixed cocktails &amp; hard seltzers.">Beer, wine, spirits, pre-mixed cocktails &amp; hard seltzers.</p></div><span class="pv1 dib b mv3 ml3 ph3 f6 ba br4 b--black black bg-white hover-white hover-bg-black outline-0 no-underline">Shop now</span></a></article></div><div class="w_aoqv w_wRee w_b0y1 w_eLjl" role="listitem"><article class="sans-serif shadow-1 br3 w-100 bg-white"><a link-identifier="8819d14b-489f-41af-b2b7-c06d577a8065" class="no-underline" href="https://www.walmart.com/cp/8113561?povid=976759_3upPOVCards_8604954_Waystoshop_Shopbybrand_Rweb_Nov_09"><img loading="lazy" srcset="https://i5.walmartimages.com/dfw/4ff9c6c9-f82d/k2-_e819977a-95a6-45fa-9469-df4befe089e1.v1.png?odnHeight=222&amp;odnWidth=395&amp;odnBg=FFFFFF 1x,
        https://i5.walmartimages.com/dfw/4ff9c6c9-f82d/k2-_e819977a-95a6-45fa-9469-df4befe089e1.v1.png?odnHeight=444&amp;odnWidth=790&amp;odnBg=FFFFFF 2x" src="https://i5.walmartimages.com/dfw/4ff9c6c9-f82d/k2-_e819977a-95a6-45fa-9469-df4befe089e1.v1.png?odnHeight=222&amp;odnWidth=395&amp;odnBg=FFFFFF" alt="" class="w-100 br3 br--top db h-auto" width="395" height="222"/><div class="pa3 pb0"><h3 class="f4 ma0 mb1 mb2-xl dark-gray lh-title truncate">Shop by brand</h3><p class="f6 ma0 mid-gray lh-copy" style="height:2.5rem;overflow:hidden;text-overflow:ellipsis" title="Traditional favorites &amp; the latest releases.">Traditional favorites &amp; the latest releases.</p></div><span class="pv1 dib b mv3 ml3 ph3 f6 ba br4 b--black black bg-white hover-white hover-bg-black outline-0 no-underline">Shop now</span></a></article></div><div class="w_aoqv w_wRee w_b0y1 w_eLjl" role="listitem"><article class="sans-serif shadow-1 br3 w-100 bg-white"><a link-identifier="2bcb1998-95ec-4752-b957-07723c675e14" class="no-underline" href="https://www.walmart.com/cp/9161098?povid=976759_3upPOVCards_8604954_Waystoshop_Shopbyoccasion_Rweb_Nov_09"><img loading="lazy" srcset="https://i5.walmartimages.com/dfw/4ff9c6c9-7dbe/k2-_2d616960-529c-4e92-8da5-5a2963ae059d.v1.png?odnHeight=222&amp;odnWidth=395&amp;odnBg=FFFFFF 1x,
        https://i5.walmartimages.com/dfw/4ff9c6c9-7dbe/k2-_2d616960-529c-4e92-8da5-5a2963ae059d.v1.png?odnHeight=444&amp;odnWidth=790&amp;odnBg=FFFFFF 2x" src="https://i5.walmartimages.com/dfw/4ff9c6c9-7dbe/k2-_2d616960-529c-4e92-8da5-5a2963ae059d.v1.png?odnHeight=222&amp;odnWidth=395&amp;odnBg=FFFFFF" alt="" class="w-100 br3 br--top db h-auto" width="395" height="222"/><div class="pa3 pb0"><h3 class="f4 ma0 mb1 mb2-xl dark-gray lh-title truncate">Shop by occasion</h3><p class="f6 ma0 mid-gray lh-copy" style="height:2.5rem;overflow:hidden;text-overflow:ellipsis" title="Cocktail recipes, wine pairings, beer flights &amp; more.">Cocktail recipes, wine pairings, beer flights &amp; more.</p></div><span class="pv1 dib b mv3 ml3 ph3 f6 ba br4 b--black black bg-white hover-white hover-bg-black outline-0 no-underline">Shop now</span></a></article></div></div></section> <!-- --> <div class="ma3"><section><div data-testid="skinny-banner"><div class="w-100"><div class="flex flex-column items-center justify-center w-100 br3 overflow-hidden pv4 relative" style="height:150px"><img loading="lazy" aria-hidden="true" alt="Browse all alcohol, Shop all beer, wine &amp; spirits. Shop now" height="150px" src="https://i5.walmartimages.com/dfw/4ff9c6c9-936b/k2-_85f3a95c-c701-45c5-9a02-a6b35aaa0c9d.v1.jpg" style="object-fit:contain" width="auto"/><div style="max-width:752px" class="flex flex-column items-center justify-center ph3 absolute"><div class="flex items-center"><span class="flex justify-center"><div class="flex"><div aria-label="Browse all alcohol"><span class="b f1-ns f2-m mb2 f-subheadline-l" style="color:#2E2F32" aria-hidden="true">Browse all alcohol</span></div></div></span></div><span class="tc f6 f4-m pb2-m" style="color:#2E2F32;max-width:540px" aria-hidden="false">Shop all beer, wine &amp; spirits.</span><span class="flex justify-center justify-start-m pt2"></span></div></div></div></div></section></div> <div data-testid="copy-block" class="ph3 center f7 mid-gray"><section><h2 class="w_kV33 w_LD4J w_mvVb f5 f3-m f2-l lh-title mt5 mb3">About Wine - Walmart.com</h2><div class="w_rNem w__2zm" style="height:0;visibility:hidden"><div><h2>How do I pair wine with food?</h2><p>As a basic guide, pair red wine with red meat and pair white wine with chicken, fish, and pasta dishes. A bold red wine complements stronger flavors, such as steak, game, and hard cheeses, while a medium red complements cured meats, hard cheeses, and bread. A light red wine compliments chicken, fish, roasted vegetables, and bread. Light white wines go well with chicken, seafood, and salads, while sweet white wines are perfect with desserts, smoky foods, and salty dishes. White wines that are full-bodied complement pork, chicken, salmon, and potatoes.</p><h2>Can I make mixed drinks with wine?</h2><p>Enjoy numerous cocktails made with red, white, rosé, or sparkling wine. Mix sparkling white wine or champagne with fresh orange juice. Make a quick and easy cocktail by adding soda to your favorite wine. Cool down on a hot day with a berry wine slushie made by blending mixed berries, wine, and ice cubes together. Add simple syrup and club soda to the fortified wine sherry and garnish it with fruit to create a sherry cobbler.</p><h2>How many people does a bottle of wine serve?</h2><p>A standard bottle of wine contains about 5 servings. Plan on 3 glasses per person for parties.</p></div></div><button class="w_hhLG w_DZvO w_0_LY dib mb4 f6 black pa0 mt1" type="button" tabindex="0">Show more</button></section></div> </div></div></div></div><div class="bg-black-20 absolute--fill" id="backgroundTopNav" style="z-index:9998"></div></main></div></div></div><span><footer class="db pt5-hdkp lh-copy relative z-0"><section class="flex flex-column flex-row-hdkp justify-center bg-washed-primary"><section class=""><div class="pb4 pt3 pa0-hdkp footer-wrapper ph3 tc" style="padding-top:2rem;padding-bottom:2rem"><p class="f5 mt0">We’d love to hear what you think!</p><button class="w_hhLG w_XK4d w_jDfj" type="button">Give feedback</button></div></section></section><div class="bw2 bt-0 bl-0 br-0 b--solid b--near-white b--none-hdkp"></div><section><ul class="list ma0 mt3 ph3 pt1 ma0-hdkp ph4-hdkp pb4-hdkp pt3-hdkp flex-hdkp flex-wrap-hdkp justify-center-hdkp footer-list" data-testid="responsive-footer-list"><li><a link-identifier="All Departments" class="f6 no-underline mb3 ma0-hdkp footer-link mr4-hdkp db" href="/all-departments">All Departments</a></li><li><a link-identifier="Store Directory" class="f6 no-underline mb3 ma0-hdkp footer-link mr4-hdkp db" aria-label="Store Directory - opens in a new window" target="_blank" rel="noopener noreferrer" href="/store/directory">Store Directory</a></li><li><a link-identifier="Careers" class="f6 no-underline mb3 ma0-hdkp footer-link mr4-hdkp db" aria-label="Careers - opens in a new window" target="_blank" rel="noopener noreferrer" href="https://careers.walmart.com/">Careers</a></li><li><a link-identifier="Our Company" class="f6 no-underline mb3 ma0-hdkp footer-link mr4-hdkp db" aria-label="Our Company - opens in a new window" target="_blank" rel="noopener noreferrer" href="https://corporate.walmart.com/">Our Company</a></li><li><a link-identifier="Sell on Walmart.com" class="f6 no-underline mb3 ma0-hdkp footer-link mr4-hdkp db" aria-label="Sell on Walmart.com - opens in a new window" target="_blank" rel="noopener noreferrer" href="https://marketplace.walmart.com/?utm_source=Walmart.com&amp;utm_medium=link&amp;utm_campaign=footer">Sell on Walmart.com</a></li><li><a link-identifier="Help" class="f6 no-underline mb3 ma0-hdkp footer-link mr4-hdkp db" href="/help">Help</a></li><li><a link-identifier="COVID-19 Vaccine Scheduler" class="f6 no-underline mb3 ma0-hdkp footer-link mr4-hdkp db" href="https://www.walmart.com/cp/flu-shots-immunizations/1228302">COVID-19 Vaccine Scheduler</a></li><li><a link-identifier="Product Recalls" class="f6 no-underline mb3 ma0-hdkp footer-link mr4-hdkp db" aria-label="Product Recalls - opens in a new window" target="_blank" rel="noopener noreferrer" href="https://corporate.walmart.com/recalls">Product Recalls</a></li><li><a link-identifier="Accessibility" class="f6 no-underline mb3 ma0-hdkp footer-link mr4-hdkp db" aria-label="Accessibility - opens in a new window" target="_blank" rel="noopener noreferrer" href="https://www.walmart.com/help/article/responsible-disclosure-and-accessibility-policies/0f173dab8bd942da84b1cd7ab5ffc3cb">Accessibility</a></li><li><a link-identifier="Tax Exempt Program" class="f6 no-underline mb3 ma0-hdkp footer-link mr4-hdkp db" aria-label="Tax Exempt Program - opens in a new window" target="_blank" rel="noopener noreferrer" href="https://www.walmart.com/taxexempt/">Tax Exempt Program</a></li><li><a link-identifier="Get the Walmart App" class="f6 no-underline mb3 ma0-hdkp footer-link mr4-hdkp db" href="https://walmart.onelink.me/UIev?pid=walmart.com&amp;af_web_dp=https%3A%2F%2Fwww.walmart.com%2Fcp%2Fwalmart-mobile-app%2F1087865&amp;c=Walmart.com%20Site%20Footer&amp;af_dp=walmart%3A%2F%2F">Get the Walmart App</a></li><li><a link-identifier="Sign-up for Email" class="f6 no-underline mb3 ma0-hdkp footer-link mr4-hdkp db" href="https://www.walmart.com/cp/email-opt-in/8196352?gbo=1">Sign-up for Email</a></li><li><a link-identifier="Safety Data Sheet" class="f6 no-underline mb3 ma0-hdkp footer-link mr4-hdkp db" href="http://msds.walmartstores.com/">Safety Data Sheet</a></li><li><a link-identifier="Terms of Use" class="f6 no-underline mb3 ma0-hdkp footer-link mr4-hdkp db" href="/help/article/walmart-com-terms-of-use/3b75080af40340d6bbd596f116fae5a0">Terms of Use</a></li><li><a link-identifier="Privacy &amp; Security" class="f6 no-underline mb3 ma0-hdkp footer-link mr4-hdkp db" aria-label="Privacy &amp; Security - opens in a new window" target="_blank" rel="noopener noreferrer" href="https://corporate.walmart.com/privacy-security">Privacy &amp; Security</a></li><li><a link-identifier="California Supply Chain Act" class="f6 no-underline mb3 ma0-hdkp footer-link mr4-hdkp db" aria-label="California Supply Chain Act - opens in a new window" target="_blank" rel="noopener noreferrer" href="https://corporate.walmart.com/california-transparency">California Supply Chain Act</a></li><li><a link-identifier="Your Privacy Choices" class="f6 no-underline mb3 ma0-hdkp footer-link mr4-hdkp flex items-center" aria-label="Your Privacy Choices - opens in a new window" target="_blank" rel="noopener noreferrer" href="https://www.walmart.com/account/api/ccpa-intake?native=false&amp;app=gm&amp;type=sod"><img loading="lazy" width="29" height="14" src="//i5.walmartimages.com/dfwrs/76316474-f70e/k2-_67001355-c576-4ca2-989d-260a2673c41a.v1.png" alt="Privacy choices icon" class="mr1"/>Your Privacy Choices</a></li><li><a link-identifier="Notice at Collection" class="f6 no-underline mb3 ma0-hdkp footer-link mr4-hdkp db" aria-label="Notice at Collection - opens in a new window" target="_blank" rel="noopener noreferrer" href="https://corporate.walmart.com/privacy-security/california-privacy-rights#what-are-the-categories-of-personal-information-collected">Notice at Collection</a></li><li><a link-identifier="Request My Personal Information" class="f6 no-underline mb3 ma0-hdkp footer-link mr4-hdkp db" aria-label="Request My Personal Information - opens in a new window" target="_blank" rel="noopener noreferrer" href="https://www.walmart.com/account/api/ccpa-intake?native=false&amp;app=gm&amp;type=access">Request My Personal Information</a></li><li><a link-identifier="Brand Shop Directory" class="f6 no-underline mb3 ma0-hdkp footer-link mr4-hdkp db" href="https://www.walmart.com/brand/branddirectory">Brand Shop Directory</a></li><li><a link-identifier="#IYWYK" class="f6 no-underline mb3 ma0-hdkp footer-link mr4-hdkp db" href="https://www.walmart.com/cp/walmart-in-the-know/7781927">#IYWYK</a></li><li><a link-identifier="Walmart Business" class="f6 no-underline mb3 ma0-hdkp footer-link db" href="https://business.walmart.com/">Walmart Business</a></li></ul><div class="f7 lh-title mt6 pb5 ph3 pt1 tc-hdkp pa0-hdkp pt2-hdkp ma0-hdkp pb5-hdkp footer-copyright">© 2023 Walmart. All Rights Reserved.</div></section></footer></span> </div></div></div><div aria-live="assertive"></div></div><script id="__NEXT_DATA__" type="application/json" nonce="aVKqljLOdi0F3bzk">{"props":{"pageProps":{"initialTempoData":{"data":{"contentLayout":{"host":"name of the pod","upstreamStatus":[],"modules":[{"name":"Alcohol Redirect- Skinny Banner Module-Web-YC-7.31","type":"SkinnyBanner","version":11,"status":"published","schedule":{"start":null,"end":null,"priority":1,"expEnabled":false},"triggers":[{"pageType":"ContentPage","pageId":"8113561","zone":"contentZone25","inheritable":false},{"pageType":"ContentPage","pageId":"1538854","zone":"contentZone16","inheritable":false},{"pageType":"ContentPage","pageId":"5110387","zone":"bottomZone4","inheritable":false},{"pageType":"ContentPage","pageId":"9161098","zone":"contentZone19","inheritable":false},{"pageType":"ContentPage","pageId":"8604954","zone":"bottomZone4","inheritable":false},{"pageType":"ContentPage","pageId":"8982253","zone":"bottomZone4","inheritable":false},{"pageType":"ContentPage","pageId":"4538947","zone":"contentZone17","inheritable":false},{"pageType":"ContentPage","pageId":"8439204","zone":"bottomZone4","inheritable":false}],"configs":{"__typename":"TempoWM_GLASSWWWSkinnyBannerConfigs","bannerType":"POV","desktopBannerHeight":"150px","bannerImage":{"src":"https://i5.walmartimages.com/dfw/4ff9c6c9-936b/k2-_85f3a95c-c701-45c5-9a02-a6b35aaa0c9d.v1.jpg","title":"Alcohol Skinny Banner","alt":"Browse all alcohol, Shop all beer, wine \u0026 spirits. Shop now","assetId":"b5342320-ed46-11ed-b95e-9b170102b2e8","assetName":"Alcohol Skinny Banner.jpg"},"mobileBannerHeight":"100px","mobileImage":{"src":"https://i5.walmartimages.com/dfw/4ff9c6c9-ff2d/k2-_db427b1f-e1c3-4413-9f4d-1b2e52f2b1cb.v1.jpg","title":"Alcohol Skinny Banner Mobile","alt":"Browse all alcohol, Shop all beer, wine \u0026 spirits. Shop now","assetId":"beef4980-ed46-11ed-bdc0-35530b20c148","assetName":"Alcohol Skinny Banner Mobile.jpg"},"backgroundColor":null,"heading":{"title":"Browse all alcohol","fontColor":"#2E2F32"},"subHeading":{"title":"Shop all beer, wine \u0026 spirits.","fontColor":"#2E2F32"},"bannerCta":[{"textColor":null,"uid":"SebVXE6a","ctaType":"link","ctaLink":{"title":"Shop now","linkText":"Shop now","clickThrough":{"value":"https://www.walmart.com/cp/alcohol/2975985","rawValue":"https://www.walmart.com/cp/alcohol/2975985"}}}]},"publishedDate":1691543228295,"moduleId":"6518637f-2210-4b29-b827-adcd86e64f24","module_id":"6518637f-2210-4b29-b827-adcd86e64f24","matchedTrigger":{"pageType":"ContentPage","pageId":"8604954","zone":"bottomZone4","inheritable":false}},{"name":"Bold red wines carousel - TLP - Web - 12.09","type":"ItemCarousel","version":12,"status":"published","schedule":{"start":null,"end":null,"priority":1,"expEnabled":false},"triggers":[{"pageType":"ContentPage","pageId":"8604954","zone":"contentZone16","inheritable":false},{"pageType":"ContentPage","pageId":"6603248","zone":"contentZone9","inheritable":false}],"configs":{"__typename":"TempoWM_GLASSWWWItemCarouselConfigsV1","type":null,"title":"Bold red wines","subTitle":null,"viewAllLink":{"linkText":"View all","title":"View all","clickThrough":{"type":"url","value":"https://www.walmart.com/browse/food/all-red-wine/976759_2975985_8604954_5084212_7480029?povid=976759_itemcarousel_8604954_Boldredwines_Viewall_Rweb_Dec_6"}},"spBeaconInfo":null,"tileOptions":null,"productsConfig":{"products":[{"canAddToCart":true,"showOptions":false,"badge":{"id":"L1600","text":"Best seller","key":"BESTSELLER","type":"LABEL","rank":1,"styleId":null},"badgeGroups":[],"badges":{"flags":[{"key":"BESTSELLER","text":"Best seller","type":"LABEL","id":"L1600","rank":1,"styleId":null}],"labels":[],"tags":[{"key":"PICKUP","text":"Pickup","id":"L1001","rank":null},{"key":"DELIVERY","text":"Delivery","id":"L1002","rank":null}],"groups":[]},"earlyAccessEvent":false,"eventAttributes":{"specialBuy":false,"priceFlip":false},"flag":"Best seller","classType":"REGULAR","fulfillmentBadges":["Pickup","Delivery"],"fulfillmentSpeed":null,"fulfillmentType":"STORE","id":"12170313","image":"https://i5.walmartimages.com/asr/0aa90845-9569-4ec4-b986-4a79eb5491f0.d3098dca563c1227e6124de77fab1e8e.jpeg","isEarlyAccessItem":false,"isOutOfStock":false,"maxVisibleSwatchCount":4,"name":"Oak Leaf Vineyards Cabernet Sauvignon Red Wine, 750 ml Glass, ABV 13.00%, 5- 5oz servings, California","groupMetaData":null,"itemType":null,"pac":null,"offerId":"86AB693C331E4B16868384E179A18050","sellerId":"F55CDC31AB754BB68FE0B39041159D63","showSubscribe":false,"sellerName":null,"salesUnitType":"EACH","weightIncrement":1,"hasSellerBadge":null,"preOrder":{"streetDate":null,"streetDateDisplayable":null,"streetDateType":null,"isPreOrder":false,"preOrderMessage":null,"preOrderStreetDateMessage":null},"price":3.46,"priceInfo":{"linePrice":"$3.46","priceDisplayCondition":null,"unitPrice":"13.6 ¢/fl oz","priceRangeString":"","subscriptionString":"","linePriceDisplay":"$3.46","eaPricingPreText":""},"usItemId":"12170313","variantList":[],"isVariantTypeSwatch":false,"type":"REGULAR","rating":{"averageRating":4.7,"numberOfReviews":10},"sponsoredProduct":null,"isSponsoredFlag":false,"brand":"Oak Leaf Vineyards","canonicalUrl":"/ip/Oak-Leaf-Vineyards-Cabernet-Sauvignon-Red-Wine-750-ml-Glass-ABV-13-00-5-5oz-servings-California/12170313?athcpid=12170313\u0026athpgid=AthenaContentPage_8604954\u0026athcgid=null\u0026athznid=ItemCarousel_fd6a43bf-53e9-4db8-b3d6-cf0e9da23edf_items\u0026athieid=v0\u0026athstid=CS020\u0026athguid=fZ0TNvxS86RnhOIMqZXwWGGGu40sBHjwnBkn\u0026athancid=null\u0026athena=true\u0026athbdg=L1600"},{"canAddToCart":true,"showOptions":false,"badge":null,"badgeGroups":[],"badges":{"flags":null,"labels":[],"tags":[{"key":"PICKUP","text":"Pickup","id":"L1001","rank":null},{"key":"DELIVERY","text":"Delivery","id":"L1002","rank":null}],"groups":[]},"earlyAccessEvent":false,"eventAttributes":{"specialBuy":false,"priceFlip":false},"flag":"","classType":"REGULAR","fulfillmentBadges":["Pickup","Delivery"],"fulfillmentSpeed":null,"fulfillmentType":"STORE","id":"112418919","image":"https://i5.walmartimages.com/asr/5a4637fd-98b5-4cb8-bdbb-4d4f32bd8b5d_1.050deea639a14710045f36c39056ca0a.jpeg","isEarlyAccessItem":false,"isOutOfStock":false,"maxVisibleSwatchCount":4,"name":"Alamos Malbec Red Wine, Argentina Wine, 750ml Glass Bottle","groupMetaData":null,"itemType":null,"pac":null,"offerId":"F06D7CB937FB4693B8CE3B801D208FB6","sellerId":"F55CDC31AB754BB68FE0B39041159D63","showSubscribe":false,"sellerName":null,"salesUnitType":"EACH","weightIncrement":1,"hasSellerBadge":null,"preOrder":{"streetDate":null,"streetDateDisplayable":null,"streetDateType":null,"isPreOrder":false,"preOrderMessage":null,"preOrderStreetDateMessage":null},"price":10.98,"priceInfo":{"linePrice":"$10.98","priceDisplayCondition":null,"unitPrice":"43.3 ¢/fl oz","priceRangeString":"","subscriptionString":"","linePriceDisplay":"$10.98","eaPricingPreText":""},"usItemId":"112418919","variantList":[],"isVariantTypeSwatch":false,"type":"REGULAR","rating":{"averageRating":4.5,"numberOfReviews":58},"sponsoredProduct":null,"isSponsoredFlag":false,"brand":"Alamos","canonicalUrl":"/ip/Alamos-Malbec-Red-Wine-Argentina-Wine-750ml-Glass-Bottle/112418919?athcpid=112418919\u0026athpgid=AthenaContentPage_8604954\u0026athcgid=null\u0026athznid=ItemCarousel_fd6a43bf-53e9-4db8-b3d6-cf0e9da23edf_items\u0026athieid=v0\u0026athstid=CS020\u0026athguid=fZ0TNvxS86RnhOIMqZXwWGGGu40sBHjwnBkn\u0026athancid=null\u0026athena=true"},{"canAddToCart":true,"showOptions":false,"badge":null,"badgeGroups":[],"badges":{"flags":null,"labels":[],"tags":[{"key":"PICKUP","text":"Pickup","id":"L1001","rank":null},{"key":"DELIVERY","text":"Delivery","id":"L1002","rank":null}],"groups":[]},"earlyAccessEvent":false,"eventAttributes":{"specialBuy":false,"priceFlip":false},"flag":"","classType":"REGULAR","fulfillmentBadges":["Pickup","Delivery"],"fulfillmentSpeed":null,"fulfillmentType":"STORE","id":"152596069","image":"https://i5.walmartimages.com/asr/05d417d0-8f81-4cf2-a6d5-e68d956545f2.3472f1236c81a540cf25aa12b9f50a54.jpeg","isEarlyAccessItem":false,"isOutOfStock":false,"maxVisibleSwatchCount":4,"name":"Apothic Inferno Red Blend Wine, California, 750ml Glass Bottle","groupMetaData":null,"itemType":null,"pac":null,"offerId":"1622250ABE9F4411BCC84005F1F7F1FD","sellerId":"F55CDC31AB754BB68FE0B39041159D63","showSubscribe":false,"sellerName":null,"salesUnitType":"EACH","weightIncrement":1,"hasSellerBadge":null,"preOrder":{"streetDate":null,"streetDateDisplayable":null,"streetDateType":null,"isPreOrder":false,"preOrderMessage":null,"preOrderStreetDateMessage":null},"price":12.98,"priceInfo":{"linePrice":"$12.98","priceDisplayCondition":null,"unitPrice":"51.2 ¢/fl oz","priceRangeString":"","subscriptionString":"","linePriceDisplay":"$12.98","eaPricingPreText":""},"usItemId":"152596069","variantList":[],"isVariantTypeSwatch":false,"type":"REGULAR","rating":{"averageRating":4.4,"numberOfReviews":176},"sponsoredProduct":null,"isSponsoredFlag":false,"brand":"Apothic","canonicalUrl":"/ip/Apothic-Inferno-Red-Blend-Wine-California-750ml-Glass-Bottle/152596069?athcpid=152596069\u0026athpgid=AthenaContentPage_8604954\u0026athcgid=null\u0026athznid=ItemCarousel_fd6a43bf-53e9-4db8-b3d6-cf0e9da23edf_items\u0026athieid=v0\u0026athstid=CS020\u0026athguid=fZ0TNvxS86RnhOIMqZXwWGGGu40sBHjwnBkn\u0026athancid=null\u0026athena=true"},{"canAddToCart":true,"showOptions":false,"badge":null,"badgeGroups":[],"badges":{"flags":null,"labels":[],"tags":[{"key":"PICKUP","text":"Pickup","id":"L1001","rank":null},{"key":"DELIVERY","text":"Delivery","id":"L1002","rank":null}],"groups":[]},"earlyAccessEvent":false,"eventAttributes":{"specialBuy":false,"priceFlip":false},"flag":"","classType":"REGULAR","fulfillmentBadges":["Pickup","Delivery"],"fulfillmentSpeed":null,"fulfillmentType":"STORE","id":"133045644","image":"https://i5.walmartimages.com/asr/6d0df324-a0e9-4617-a25d-1c7297cf5c59.c8111b2f626aa48279d3716d3d9e0df0.jpeg","isEarlyAccessItem":false,"isOutOfStock":false,"maxVisibleSwatchCount":4,"name":"Apothic Dark Red Wine Blend, California, 750ml Glass Bottle","groupMetaData":null,"itemType":null,"pac":null,"offerId":"B37EDA0C912A4510A19D2CD881F191C9","sellerId":"F55CDC31AB754BB68FE0B39041159D63","showSubscribe":false,"sellerName":null,"salesUnitType":"EACH","weightIncrement":1,"hasSellerBadge":null,"preOrder":{"streetDate":null,"streetDateDisplayable":null,"streetDateType":null,"isPreOrder":false,"preOrderMessage":null,"preOrderStreetDateMessage":null},"price":9.98,"priceInfo":{"linePrice":"$9.98","priceDisplayCondition":null,"unitPrice":"39.4 ¢/fl oz","priceRangeString":"","subscriptionString":"","linePriceDisplay":"$9.98","eaPricingPreText":""},"usItemId":"133045644","variantList":[],"isVariantTypeSwatch":false,"type":"REGULAR","rating":{"averageRating":4.5,"numberOfReviews":558},"sponsoredProduct":null,"isSponsoredFlag":false,"brand":"Apothic","canonicalUrl":"/ip/Apothic-Dark-Red-Wine-Blend-California-750ml-Glass-Bottle/133045644?athcpid=133045644\u0026athpgid=AthenaContentPage_8604954\u0026athcgid=null\u0026athznid=ItemCarousel_fd6a43bf-53e9-4db8-b3d6-cf0e9da23edf_items\u0026athieid=v0\u0026athstid=CS020\u0026athguid=fZ0TNvxS86RnhOIMqZXwWGGGu40sBHjwnBkn\u0026athancid=null\u0026athena=true"},{"canAddToCart":true,"showOptions":false,"badge":null,"badgeGroups":[],"badges":{"flags":null,"labels":[],"tags":[{"key":"PICKUP","text":"Pickup","id":"L1001","rank":null},{"key":"DELIVERY","text":"Delivery","id":"L1002","rank":null}],"groups":[]},"earlyAccessEvent":false,"eventAttributes":{"specialBuy":false,"priceFlip":false},"flag":"","classType":"REGULAR","fulfillmentBadges":["Pickup","Delivery"],"fulfillmentSpeed":null,"fulfillmentType":"STORE","id":"37588304","image":"https://i5.walmartimages.com/asr/69987bf6-19d3-4180-a7be-7f7243d76dc0.e2f02b2aff98f314e34d60d7f56b19bf.jpeg","isEarlyAccessItem":false,"isOutOfStock":false,"maxVisibleSwatchCount":4,"name":"Menage a Trois Midnight Dark Red Wine Blend, 750 ml Bottle","groupMetaData":null,"itemType":null,"pac":null,"offerId":"F5E727ED082C48D79E82CE553DA03F02","sellerId":"F55CDC31AB754BB68FE0B39041159D63","showSubscribe":false,"sellerName":null,"salesUnitType":"EACH","weightIncrement":1,"hasSellerBadge":null,"preOrder":{"streetDate":null,"streetDateDisplayable":null,"streetDateType":null,"isPreOrder":false,"preOrderMessage":null,"preOrderStreetDateMessage":null},"price":8.98,"priceInfo":{"linePrice":"$8.98","priceDisplayCondition":null,"unitPrice":"35.4 ¢/fl oz","priceRangeString":"","subscriptionString":"","linePriceDisplay":"$8.98","eaPricingPreText":""},"usItemId":"37588304","variantList":[],"isVariantTypeSwatch":false,"type":"REGULAR","rating":{"averageRating":5,"numberOfReviews":2},"sponsoredProduct":null,"isSponsoredFlag":false,"brand":"Menage a Trois","canonicalUrl":"/ip/Menage-a-Trois-Midnight-Dark-Red-Wine-Blend-750-ml-Bottle/37588304?athcpid=37588304\u0026athpgid=AthenaContentPage_8604954\u0026athcgid=null\u0026athznid=ItemCarousel_fd6a43bf-53e9-4db8-b3d6-cf0e9da23edf_items\u0026athieid=v0\u0026athstid=CS020\u0026athguid=fZ0TNvxS86RnhOIMqZXwWGGGu40sBHjwnBkn\u0026athancid=null\u0026athena=true"},{"canAddToCart":true,"showOptions":false,"badge":null,"badgeGroups":[],"badges":{"flags":null,"labels":[],"tags":[{"key":"PICKUP","text":"Pickup","id":"L1001","rank":null},{"key":"DELIVERY","text":"Delivery","id":"L1002","rank":null}],"groups":[]},"earlyAccessEvent":false,"eventAttributes":{"specialBuy":false,"priceFlip":false},"flag":"","classType":"REGULAR","fulfillmentBadges":["Pickup","Delivery"],"fulfillmentSpeed":null,"fulfillmentType":"STORE","id":"133326638","image":"https://i5.walmartimages.com/asr/a4b631e5-f766-47ce-a920-4da9c32c56f8.391f9b30361b9270d53087b56e0e6620.jpeg","isEarlyAccessItem":false,"isOutOfStock":false,"maxVisibleSwatchCount":4,"name":"Chateau Ste. Michelle Columbia Valley Cabernet Sauvignon, Red Wine, 750 ml Bottle, 13.5% ABV","groupMetaData":null,"itemType":null,"pac":null,"offerId":"515F9EE374CE4C7781B3C34CAC20F40C","sellerId":"F55CDC31AB754BB68FE0B39041159D63","showSubscribe":false,"sellerName":null,"salesUnitType":"EACH","weightIncrement":1,"hasSellerBadge":null,"preOrder":{"streetDate":null,"streetDateDisplayable":null,"streetDateType":null,"isPreOrder":false,"preOrderMessage":null,"preOrderStreetDateMessage":null},"price":13.98,"priceInfo":{"linePrice":"$13.98","priceDisplayCondition":null,"unitPrice":"55.1 ¢/fl oz","priceRangeString":"","subscriptionString":"","linePriceDisplay":"$13.98","eaPricingPreText":""},"usItemId":"133326638","variantList":[],"isVariantTypeSwatch":false,"type":"REGULAR","rating":{"averageRating":4.5,"numberOfReviews":26},"sponsoredProduct":null,"isSponsoredFlag":false,"brand":"Chateau Ste. Michelle","canonicalUrl":"/ip/Chateau-Ste-Michelle-Columbia-Valley-Cabernet-Sauvignon-Red-Wine-750-ml-Bottle-13-5-ABV/133326638?athcpid=133326638\u0026athpgid=AthenaContentPage_8604954\u0026athcgid=null\u0026athznid=ItemCarousel_fd6a43bf-53e9-4db8-b3d6-cf0e9da23edf_items\u0026athieid=v0\u0026athstid=CS020\u0026athguid=fZ0TNvxS86RnhOIMqZXwWGGGu40sBHjwnBkn\u0026athancid=null\u0026athena=true"},{"canAddToCart":true,"showOptions":false,"badge":null,"badgeGroups":[],"badges":{"flags":null,"labels":[],"tags":[{"key":"PICKUP","text":"Pickup","id":"L1001","rank":null},{"key":"DELIVERY","text":"Delivery","id":"L1002","rank":null}],"groups":[]},"earlyAccessEvent":false,"eventAttributes":{"specialBuy":false,"priceFlip":false},"flag":"","classType":"REGULAR","fulfillmentBadges":["Pickup","Delivery"],"fulfillmentSpeed":null,"fulfillmentType":"STORE","id":"145662745","image":"https://i5.walmartimages.com/asr/19492f37-7515-4802-8bfd-b580f393e345.cc94f19a1d405b39e06b4b8522bf8513.jpeg","isEarlyAccessItem":false,"isOutOfStock":false,"maxVisibleSwatchCount":4,"name":"Joel Gott 815 Cabernet Sauvignon Red Wine, 750 ml Bottle","groupMetaData":null,"itemType":null,"pac":null,"offerId":"0172643966944FC7A47FBEB75E3F6FC6","sellerId":"F55CDC31AB754BB68FE0B39041159D63","showSubscribe":false,"sellerName":null,"salesUnitType":"EACH","weightIncrement":1,"hasSellerBadge":null,"preOrder":{"streetDate":null,"streetDateDisplayable":null,"streetDateType":null,"isPreOrder":false,"preOrderMessage":null,"preOrderStreetDateMessage":null},"price":14.98,"priceInfo":{"linePrice":"$14.98","priceDisplayCondition":null,"unitPrice":"59.1 ¢/fl oz","priceRangeString":"","subscriptionString":"","linePriceDisplay":"$14.98","eaPricingPreText":""},"usItemId":"145662745","variantList":[],"isVariantTypeSwatch":false,"type":"REGULAR","rating":{"averageRating":4.7,"numberOfReviews":30},"sponsoredProduct":null,"isSponsoredFlag":false,"brand":"Joel Gott","canonicalUrl":"/ip/Joel-Gott-815-Cabernet-Sauvignon-Red-Wine-750-ml-Bottle/145662745?athcpid=145662745\u0026athpgid=AthenaContentPage_8604954\u0026athcgid=null\u0026athznid=ItemCarousel_fd6a43bf-53e9-4db8-b3d6-cf0e9da23edf_items\u0026athieid=v0\u0026athstid=CS020\u0026athguid=fZ0TNvxS86RnhOIMqZXwWGGGu40sBHjwnBkn\u0026athancid=null\u0026athena=true"},{"canAddToCart":true,"showOptions":false,"badge":null,"badgeGroups":[],"badges":{"flags":null,"labels":[],"tags":[{"key":"PICKUP","text":"Pickup","id":"L1001","rank":null},{"key":"DELIVERY","text":"Delivery","id":"L1002","rank":null}],"groups":[]},"earlyAccessEvent":false,"eventAttributes":{"specialBuy":false,"priceFlip":false},"flag":"","classType":"REGULAR","fulfillmentBadges":["Pickup","Delivery"],"fulfillmentSpeed":null,"fulfillmentType":"STORE","id":"161973495","image":"https://i5.walmartimages.com/asr/0788cb13-c737-4a51-a939-132b1591f6a8_1.33b10e56cf6676dbc8e5848adcb023f3.jpeg","isEarlyAccessItem":false,"isOutOfStock":false,"maxVisibleSwatchCount":4,"name":"Dark Horse California Cabernet Sauvignon Red Wine, 750ml Glass Bottle","groupMetaData":null,"itemType":null,"pac":null,"offerId":"4EE9D2043E5F4142B5ECE7F0823FFC40","sellerId":"F55CDC31AB754BB68FE0B39041159D63","showSubscribe":false,"sellerName":null,"salesUnitType":"EACH","weightIncrement":1,"hasSellerBadge":null,"preOrder":{"streetDate":null,"streetDateDisplayable":null,"streetDateType":null,"isPreOrder":false,"preOrderMessage":null,"preOrderStreetDateMessage":null},"price":8.48,"priceInfo":{"linePrice":"$8.48","priceDisplayCondition":null,"unitPrice":"33.4 ¢/fl oz","priceRangeString":"","subscriptionString":"","linePriceDisplay":"$8.48","eaPricingPreText":""},"usItemId":"161973495","variantList":[],"isVariantTypeSwatch":false,"type":"REGULAR","rating":{"averageRating":4.5,"numberOfReviews":21},"sponsoredProduct":null,"isSponsoredFlag":false,"brand":"Dark Horse","canonicalUrl":"/ip/Dark-Horse-California-Cabernet-Sauvignon-Red-Wine-750ml-Glass-Bottle/161973495?athcpid=161973495\u0026athpgid=AthenaContentPage_8604954\u0026athcgid=null\u0026athznid=ItemCarousel_fd6a43bf-53e9-4db8-b3d6-cf0e9da23edf_items\u0026athieid=v0\u0026athstid=CS020\u0026athguid=fZ0TNvxS86RnhOIMqZXwWGGGu40sBHjwnBkn\u0026athancid=null\u0026athena=true"},{"canAddToCart":true,"showOptions":false,"badge":null,"badgeGroups":[],"badges":{"flags":null,"labels":[],"tags":[{"key":"PICKUP","text":"Pickup","id":"L1001","rank":null},{"key":"DELIVERY","text":"Delivery","id":"L1002","rank":null}],"groups":[]},"earlyAccessEvent":false,"eventAttributes":{"specialBuy":false,"priceFlip":false},"flag":"","classType":"REGULAR","fulfillmentBadges":["Pickup","Delivery"],"fulfillmentSpeed":null,"fulfillmentType":"STORE","id":"193931083","image":"https://i5.walmartimages.com/asr/0f82db9c-69bf-4f60-ab0e-a5e77ddf2fc2.918199ff8acb87a990a12ea0a2f199cf.png","isEarlyAccessItem":false,"isOutOfStock":false,"maxVisibleSwatchCount":4,"name":"Coppola Diamond Collection Cabernet Sauvignon Red Wine, California, 750mL, 14.5% ABV","groupMetaData":null,"itemType":null,"pac":null,"offerId":"3A9CAB24401449BE86C33A1553E0F7B6","sellerId":"F55CDC31AB754BB68FE0B39041159D63","showSubscribe":false,"sellerName":null,"salesUnitType":"EACH","weightIncrement":1,"hasSellerBadge":null,"preOrder":{"streetDate":null,"streetDateDisplayable":null,"streetDateType":null,"isPreOrder":false,"preOrderMessage":null,"preOrderStreetDateMessage":null},"price":14.98,"priceInfo":{"linePrice":"$14.98","priceDisplayCondition":null,"unitPrice":"59.0 ¢/fl oz","priceRangeString":"","subscriptionString":"","linePriceDisplay":"$14.98","eaPricingPreText":""},"usItemId":"193931083","variantList":[],"isVariantTypeSwatch":false,"type":"REGULAR","rating":{"averageRating":4.8,"numberOfReviews":11},"sponsoredProduct":null,"isSponsoredFlag":false,"brand":"Francis Ford Coppola Winery","canonicalUrl":"/ip/Coppola-Diamond-Collection-Cabernet-Sauvignon-Red-Wine-California-750mL-14-5-ABV/193931083?athcpid=193931083\u0026athpgid=AthenaContentPage_8604954\u0026athcgid=null\u0026athznid=ItemCarousel_fd6a43bf-53e9-4db8-b3d6-cf0e9da23edf_items\u0026athieid=v0\u0026athstid=CS020\u0026athguid=fZ0TNvxS86RnhOIMqZXwWGGGu40sBHjwnBkn\u0026athancid=null\u0026athena=true"}]}},"publishedDate":1701853260350,"moduleId":"fd6a43bf-53e9-4db8-b3d6-cf0e9da23edf","module_id":"fd6a43bf-53e9-4db8-b3d6-cf0e9da23edf","matchedTrigger":{"pageType":"ContentPage","pageId":"8604954","zone":"contentZone16","inheritable":false}},{"name":"Buttery chardonnays item carousel - desktop - TLP 11.23","type":"ItemCarousel","version":7,"status":"published","schedule":{"start":null,"end":null,"priority":1,"expEnabled":false},"triggers":[{"pageType":"ContentPage","pageId":"8604954","zone":"contentZone10","inheritable":false}],"configs":{"__typename":"TempoWM_GLASSWWWItemCarouselConfigsV1","type":null,"title":"Buttery chardonnays","subTitle":null,"viewAllLink":{"linkText":"View all","title":"View all","clickThrough":{"type":"url","value":"https://www.walmart.com/browse/food/chardonnay/976759_2975985_8604954_8749992_2124811?povid=976759_itemcarousel_8604954_Butterychardonnays_Viewall_Rweb_Dec_6"}},"spBeaconInfo":null,"tileOptions":null,"productsConfig":{"products":[{"canAddToCart":true,"showOptions":false,"badge":null,"badgeGroups":[],"badges":{"flags":null,"labels":[],"tags":[{"key":"PICKUP","text":"Pickup","id":"L1001","rank":null},{"key":"DELIVERY","text":"Delivery","id":"L1002","rank":null}],"groups":[]},"earlyAccessEvent":false,"eventAttributes":{"specialBuy":false,"priceFlip":false},"flag":"","classType":"REGULAR","fulfillmentBadges":["Pickup","Delivery"],"fulfillmentSpeed":null,"fulfillmentType":"STORE","id":"164037297","image":"https://i5.walmartimages.com/seo/Butter-Chardonnay-Wine-750-ML_56f185b0-7af7-4cb5-b5d7-6a8371ca8d62.a405393847c94b316a2f493d70a56c95.jpeg","isEarlyAccessItem":false,"isOutOfStock":false,"maxVisibleSwatchCount":4,"name":"Butter Chardonnay Wine, 750 ML","groupMetaData":null,"itemType":null,"pac":null,"offerId":"43BC8FA269604A3B98123357B077F51A","sellerId":"F55CDC31AB754BB68FE0B39041159D63","showSubscribe":false,"sellerName":"Walmart.com","salesUnitType":"EACH","weightIncrement":1,"hasSellerBadge":null,"preOrder":{"streetDate":null,"streetDateDisplayable":null,"streetDateType":null,"isPreOrder":false,"preOrderMessage":null,"preOrderStreetDateMessage":null},"price":14.98,"priceInfo":{"linePrice":"$14.98","priceDisplayCondition":null,"unitPrice":"59.1 ¢/fl oz","minPriceForVariant":null,"priceRangeString":"","subscriptionString":"","linePriceDisplay":"$14.98","eaPricingPreText":""},"usItemId":"164037297","variantList":[],"isVariantTypeSwatch":false,"type":"REGULAR","rating":{"averageRating":4.9,"numberOfReviews":27},"sponsoredProduct":null,"isSponsoredFlag":false,"brand":"Butter","canonicalUrl":"/ip/Butter-Chardonnay-Wine-750-ML/164037297"},{"canAddToCart":true,"showOptions":false,"badge":null,"badgeGroups":[],"badges":{"flags":null,"labels":[],"tags":[{"key":"PICKUP","text":"Pickup","id":"L1001","rank":null},{"key":"DELIVERY","text":"Delivery","id":"L1002","rank":null}],"groups":[]},"earlyAccessEvent":false,"eventAttributes":{"specialBuy":false,"priceFlip":false},"flag":"","classType":"REGULAR","fulfillmentBadges":["Pickup","Delivery"],"fulfillmentSpeed":null,"fulfillmentType":"STORE","id":"10984604","image":"https://i5.walmartimages.com/seo/Clos-Du-Bois-Chardonnay-White-Wine-750ml-Glass-Bottle_7b187fa2-e996-401d-b7d1-977b969b9a28.ea85760eed2ca1bcb2d872fe631f579c.jpeg","isEarlyAccessItem":false,"isOutOfStock":false,"maxVisibleSwatchCount":4,"name":"Clos Du Bois Chardonnay, White Wine, 750ml Glass Bottle","groupMetaData":null,"itemType":null,"pac":null,"offerId":"E4C32BA3AA604A9DA42BDADB9458EB8F","sellerId":"F55CDC31AB754BB68FE0B39041159D63","showSubscribe":false,"sellerName":"Walmart.com","salesUnitType":"EACH","weightIncrement":1,"hasSellerBadge":null,"preOrder":{"streetDate":null,"streetDateDisplayable":null,"streetDateType":null,"isPreOrder":false,"preOrderMessage":null,"preOrderStreetDateMessage":null},"price":9.98,"priceInfo":{"linePrice":"$9.98","priceDisplayCondition":null,"unitPrice":"39.4 ¢/fl oz","minPriceForVariant":null,"priceRangeString":"","subscriptionString":"","linePriceDisplay":"$9.98","eaPricingPreText":""},"usItemId":"10984604","variantList":[],"isVariantTypeSwatch":false,"type":"REGULAR","rating":{"averageRating":4.4,"numberOfReviews":60},"sponsoredProduct":null,"isSponsoredFlag":false,"brand":"Clos Du Bois","canonicalUrl":"/ip/Clos-Du-Bois-Chardonnay-White-Wine-750ml-Glass-Bottle/10984604"},{"canAddToCart":true,"showOptions":false,"badge":null,"badgeGroups":[],"badges":{"flags":[],"labels":null,"tags":[],"groups":null},"earlyAccessEvent":false,"eventAttributes":{"specialBuy":false,"priceFlip":false},"flag":"","classType":"REGULAR","fulfillmentBadges":[],"fulfillmentSpeed":null,"fulfillmentType":"STORE","id":"10984600","image":"https://i5.walmartimages.com/seo/Robert-Mondavi-Private-Selection-Chardonnay-White-Wine-750-ml-Bottle-13-5-ABV_973d2778-07ff-463e-8677-9da5b0fb9065.3fe6091f854d2c425b31b9a28a8d376b.jpeg","isEarlyAccessItem":false,"isOutOfStock":false,"maxVisibleSwatchCount":4,"name":"Robert Mondavi Private Selection Chardonnay White Wine, 750 ml Bottle, 13.5% ABV","groupMetaData":null,"itemType":null,"pac":null,"offerId":"1069DB18EE174D5F936A6D558C53B601","sellerId":"F55CDC31AB754BB68FE0B39041159D63","showSubscribe":false,"sellerName":"Walmart.com","salesUnitType":"EACH","weightIncrement":1,"hasSellerBadge":null,"preOrder":{"streetDate":null,"streetDateDisplayable":null,"streetDateType":null,"isPreOrder":false,"preOrderMessage":null,"preOrderStreetDateMessage":null},"price":8.98,"priceInfo":{"linePrice":"$8.98","priceDisplayCondition":null,"unitPrice":"35.4 ¢/fl oz","minPriceForVariant":null,"priceRangeString":"","subscriptionString":"","linePriceDisplay":"$8.98","eaPricingPreText":""},"usItemId":"10984600","variantList":[],"isVariantTypeSwatch":false,"type":"REGULAR","rating":{"averageRating":4.5,"numberOfReviews":1031},"sponsoredProduct":null,"isSponsoredFlag":false,"brand":"Robert Mondavi Private Selection","canonicalUrl":"/ip/Robert-Mondavi-Private-Selection-Chardonnay-White-Wine-750-ml-Bottle-13-5-ABV/10984600"},{"canAddToCart":true,"showOptions":false,"badge":null,"badgeGroups":[],"badges":{"flags":[],"labels":null,"tags":[],"groups":null},"earlyAccessEvent":false,"eventAttributes":{"specialBuy":false,"priceFlip":false},"flag":"","classType":"REGULAR","fulfillmentBadges":[],"fulfillmentSpeed":null,"fulfillmentType":"STORE","id":"10984502","image":"https://i5.walmartimages.com/seo/Barefoot-Cellars-Chardonnay-California-Wine-750-ml-Glass-Bottle_5e549df2-d052-460f-813b-959f91ee33be.349597c67374896a91d10509d4305a73.jpeg","isEarlyAccessItem":false,"isOutOfStock":false,"maxVisibleSwatchCount":4,"name":"Barefoot Cellars Chardonnay California Wine, 750 ml Glass Bottle","groupMetaData":null,"itemType":null,"pac":null,"offerId":"B12A39D3A2364EB0B56BF39294620043","sellerId":"F55CDC31AB754BB68FE0B39041159D63","showSubscribe":false,"sellerName":"Walmart.com","salesUnitType":"EACH","weightIncrement":1,"hasSellerBadge":null,"preOrder":{"streetDate":null,"streetDateDisplayable":null,"streetDateType":null,"isPreOrder":false,"preOrderMessage":null,"preOrderStreetDateMessage":null},"price":5.98,"priceInfo":{"linePrice":"$5.98","priceDisplayCondition":null,"unitPrice":"23.6 ¢/fl oz","minPriceForVariant":null,"priceRangeString":"","subscriptionString":"","linePriceDisplay":"$5.98","eaPricingPreText":""},"usItemId":"10984502","variantList":[],"isVariantTypeSwatch":false,"type":"REGULAR","rating":{"averageRating":4.2,"numberOfReviews":384},"sponsoredProduct":null,"isSponsoredFlag":false,"brand":"Barefoot","canonicalUrl":"/ip/Barefoot-Cellars-Chardonnay-California-Wine-750-ml-Glass-Bottle/10984502"},{"canAddToCart":true,"showOptions":false,"badge":null,"badgeGroups":[],"badges":{"flags":[],"labels":null,"tags":[],"groups":null},"earlyAccessEvent":false,"eventAttributes":{"specialBuy":false,"priceFlip":false},"flag":"","classType":"REGULAR","fulfillmentBadges":[],"fulfillmentSpeed":null,"fulfillmentType":"STORE","id":"150712040","image":"https://i5.walmartimages.com/seo/Barefoot-Cellars-Chardonnay-White-Wine-California-1-5-Liter-Glass-Bottle_1610cdd6-9bfd-43ea-8fd0-b23c578dea72.1dc1a0e71d6d45d4358a78477cadfb78.jpeg","isEarlyAccessItem":false,"isOutOfStock":false,"maxVisibleSwatchCount":4,"name":"Barefoot Cellars Chardonnay White Wine, California, 1.5 Liter Glass Bottle","groupMetaData":null,"itemType":null,"pac":null,"offerId":"EE44EFF6006F4902B66D4922E9AC32FA","sellerId":"F55CDC31AB754BB68FE0B39041159D63","showSubscribe":false,"sellerName":"Walmart.com","salesUnitType":"EACH","weightIncrement":1,"hasSellerBadge":null,"preOrder":{"streetDate":null,"streetDateDisplayable":null,"streetDateType":null,"isPreOrder":false,"preOrderMessage":null,"preOrderStreetDateMessage":null},"price":9.98,"priceInfo":{"linePrice":"$9.98","priceDisplayCondition":null,"unitPrice":"19.7 ¢/fl oz","minPriceForVariant":null,"priceRangeString":"","subscriptionString":"","linePriceDisplay":"$9.98","eaPricingPreText":""},"usItemId":"150712040","variantList":[],"isVariantTypeSwatch":false,"type":"REGULAR","rating":{"averageRating":4.2,"numberOfReviews":388},"sponsoredProduct":null,"isSponsoredFlag":false,"brand":"Barefoot","canonicalUrl":"/ip/Barefoot-Cellars-Chardonnay-White-Wine-California-1-5-Liter-Glass-Bottle/150712040"},{"canAddToCart":true,"showOptions":false,"badge":null,"badgeGroups":[],"badges":{"flags":[],"labels":null,"tags":[],"groups":null},"earlyAccessEvent":false,"eventAttributes":{"specialBuy":false,"priceFlip":false},"flag":"","classType":"REGULAR","fulfillmentBadges":[],"fulfillmentSpeed":null,"fulfillmentType":"STORE","id":"54333767","image":"https://i5.walmartimages.com/seo/Oak-Leaf-Vineyards-Chardonnay-White-Wine-3-L-Bag-In-Box-ABV-13-00_2b564850-555d-4253-b4af-2453b4f2d95f.d33a1e20d4ee946f25844c0f3a0c3c10.jpeg","isEarlyAccessItem":false,"isOutOfStock":false,"maxVisibleSwatchCount":4,"name":"Oak Leaf Vineyards Chardonnay White Wine, 3 L Bag In Box, ABV 13.00%","groupMetaData":null,"itemType":null,"pac":null,"offerId":"D1BFA6047F6F48A6B7AC00FA828D84E2","sellerId":"F55CDC31AB754BB68FE0B39041159D63","showSubscribe":false,"sellerName":"Walmart.com","salesUnitType":"EACH","weightIncrement":1,"hasSellerBadge":null,"preOrder":{"streetDate":null,"streetDateDisplayable":null,"streetDateType":null,"isPreOrder":false,"preOrderMessage":null,"preOrderStreetDateMessage":null},"price":12.96,"priceInfo":{"linePrice":"$12.96","priceDisplayCondition":null,"unitPrice":"12.8 ¢/fl oz","minPriceForVariant":null,"priceRangeString":"","subscriptionString":"","linePriceDisplay":"$12.96","eaPricingPreText":""},"usItemId":"54333767","variantList":[],"isVariantTypeSwatch":false,"type":"REGULAR","rating":{"averageRating":4,"numberOfReviews":4},"sponsoredProduct":null,"isSponsoredFlag":false,"brand":"Oak Leaf Vineyards","canonicalUrl":"/ip/Oak-Leaf-Vineyards-Chardonnay-White-Wine-3-L-Bag-In-Box-ABV-13-00/54333767"}]}},"publishedDate":1701849793880,"moduleId":"e63f8946-b285-45c2-8766-f500fe5d3a16","module_id":"e63f8946-b285-45c2-8766-f500fe5d3a16","matchedTrigger":{"pageType":"ContentPage","pageId":"8604954","zone":"contentZone10","inheritable":false}},{"name":"CLONE:2 CLONE:Alcohol Delivery - Skinny Banner - Holiday Theme-Web-11.17.23","type":"SkinnyBanner","version":1,"status":"published","schedule":{"start":null,"end":null,"priority":1,"expEnabled":false},"triggers":[{"pageType":"ContentPage","pageId":"8604954","zone":"topZone5","inheritable":false}],"configs":{"__typename":"TempoWM_GLASSWWWSkinnyBannerConfigs","bannerType":"POV","desktopBannerHeight":"221px","bannerImage":{"src":"https://i5.walmartimages.com/dfw/4ff9c6c9-758f/k2-_ec549d54-1a9d-4d50-9f05-c5bced9e1205.v1.jpg","title":"3847700-001-FY24-FOOD-DEC-Alcohol-SITE-1201-SKN-BNR-1568x220-D","alt":"Get alcohol delivery from select stores, Stock up for all your holiday hosting.  Shop now","assetId":"7fa921f0-00a1-462d-87be-b960b30a8d34","assetName":"3847700-001-FY24-FOOD-DEC-Alcohol-SITE-1201-SKN-BNR-1568x220-D.jpg"},"mobileBannerHeight":"100px","mobileImage":{"src":"https://i5.walmartimages.com/dfw/4ff9c6c9-bcc1/k2-_81b265be-12f4-498d-9f91-6ab7488d7ac2.v1.jpg","title":"3847700-002-FY24-FOOD-DEC-Alcohol-SITE-1201-SKN-BNR-767x224-M","alt":"Get alcohol delivery from select stores, Stock up for all your holiday hosting.  Shop now","assetId":"42cf31ab-1a58-4ac3-9b2a-7dee610930d4","assetName":"3847700-002-FY24-FOOD-DEC-Alcohol-SITE-1201-SKN-BNR-767x224-M.jpg"},"backgroundColor":null,"heading":{"title":"Get alcohol delivery from select stores","fontColor":"#0B0200"},"subHeading":{"title":"Stock up for all your holiday hosting. ","fontColor":"#000000"},"bannerCta":[{"textColor":"#000000","uid":"A7R29DXA","ctaType":"link","ctaLink":{"title":"Learn more","linkText":"Learn more","clickThrough":{"value":"/cp/about-alcohol/3856625?povid=976759_skinnybanner_8604954_Getalcoholdeliveryfromselectstores_LearnMore_Rweb_Dec_06","rawValue":"/cp/about-alcohol/3856625?povid=976759_skinnybanner_8604954_Getalcoholdeliveryfromselectstores_LearnMore_Rweb_Dec_06"}}}]},"publishedDate":1701858564426,"moduleId":"16f632fc-7246-467d-adde-9d7bce525f26","module_id":"16f632fc-7246-467d-adde-9d7bce525f26","matchedTrigger":{"pageType":"ContentPage","pageId":"8604954","zone":"topZone5","inheritable":false}},{"name":"CLONE:Alcohol Ways to Shop 3-Up - Web - TLP 07.08","type":"POVCards","version":4,"status":"published","schedule":{"start":null,"end":null,"priority":1,"expEnabled":false},"triggers":[{"pageType":"ContentPage","pageId":"8604954","zone":"contentZone28","inheritable":false}],"configs":{"__typename":"TempoWM_GLASSWWWPOVCardsConfigsV1","headingText":"Ways to shop","viewAllLink":null,"imageAspectRatio":"regular","cardsV1":[{"headingText":"Shop by category","descriptionText":"Beer, wine, spirits, pre-mixed cocktails \u0026 hard seltzers.","image":{"alt":"Shop by category","assetId":"d9be49fd-2073-44a3-961f-85fbae747f44","assetName":"3729133-015-FY23-FOOD-NOV-Alcohol-SITE-1101-POV-838x470-A.png","src":"https://i5.walmartimages.com/dfw/4ff9c6c9-1486/k2-_aa8cb39e-55bc-4b33-b7de-b11d32ce3650.v1.png","width":"838","height":"470"},"link":{"clickThrough":{"value":"https://www.walmart.com/cp/4538947?povid=976759_3upPOVCards_8604954_Waystoshop_Shopbycategory_Rweb_Nov_09"},"linkText":"Shop now"}},{"headingText":"Shop by brand","descriptionText":"Traditional favorites \u0026 the latest releases.","image":{"alt":"Shop by brand","assetId":"8819d14b-489f-41af-b2b7-c06d577a8065","assetName":"3729133-016-FY23-FOOD-NOV-Alcohol-SITE-1101-POV-838x470-B.png","src":"https://i5.walmartimages.com/dfw/4ff9c6c9-f82d/k2-_e819977a-95a6-45fa-9469-df4befe089e1.v1.png","width":"838","height":"470"},"link":{"clickThrough":{"value":"https://www.walmart.com/cp/8113561?povid=976759_3upPOVCards_8604954_Waystoshop_Shopbybrand_Rweb_Nov_09"},"linkText":"Shop now"}},{"headingText":"Shop by occasion","descriptionText":"Cocktail recipes, wine pairings, beer flights \u0026 more.","image":{"alt":"Shop by occasion","assetId":"2bcb1998-95ec-4752-b957-07723c675e14","assetName":"3729133-017-FY23-FOOD-NOV-Alcohol-SITE-1101-POV-838x470-C.png","src":"https://i5.walmartimages.com/dfw/4ff9c6c9-7dbe/k2-_2d616960-529c-4e92-8da5-5a2963ae059d.v1.png","width":"838","height":"470"},"link":{"clickThrough":{"value":"https://www.walmart.com/cp/9161098?povid=976759_3upPOVCards_8604954_Waystoshop_Shopbyoccasion_Rweb_Nov_09"},"linkText":"Shop now"}}]},"publishedDate":1700026379614,"moduleId":"54a3e793-6e93-40d4-bb5b-a028fa025e32","module_id":"54a3e793-6e93-40d4-bb5b-a028fa025e32","matchedTrigger":{"pageType":"ContentPage","pageId":"8604954","zone":"contentZone28","inheritable":false}},{"name":"CLONE:Best selling wine - Alcohol cp Carousel web - TLP 07.13","type":"ItemCarousel","version":2,"status":"published","schedule":{"start":null,"end":null,"priority":1,"expEnabled":false},"triggers":[{"pageType":"ContentPage","pageId":"8604954","zone":"contentZone7","inheritable":false}],"configs":{"__typename":"TempoWM_GLASSWWWItemCarouselConfigsV1","type":null,"title":"Best selling wine","subTitle":null,"viewAllLink":{"linkText":"View all","title":"View all","clickThrough":{"type":"url","value":"https://www.walmart.com/browse/alcohol/all-wine/976759_2975985_8604954?povid=976759_itemcarousel_8604954_Bestsellingwine_Viewall_Rweb_Oct_27"}},"spBeaconInfo":null,"tileOptions":null,"productsConfig":{"products":[{"canAddToCart":true,"showOptions":false,"badge":null,"badgeGroups":[],"badges":{"flags":null,"labels":[],"tags":[{"key":"PICKUP","text":"Pickup","id":"L1001","rank":null},{"key":"DELIVERY","text":"Delivery","id":"L1002","rank":null}],"groups":[]},"earlyAccessEvent":false,"eventAttributes":{"specialBuy":false,"priceFlip":false},"flag":"","classType":"REGULAR","fulfillmentBadges":["Pickup","Delivery"],"fulfillmentSpeed":null,"fulfillmentType":"STORE","id":"197307410","image":"https://i5.walmartimages.com/asr/3d0a46bd-e14e-4165-960d-505d070fea73.c53cd2ab79da71595020fef220cff32e.jpeg","isEarlyAccessItem":false,"isOutOfStock":false,"maxVisibleSwatchCount":4,"name":"Stella Rosa Peach Semi-Sweet White Wine, 750ml Glass Bottle, Piedmont, Italy Serving Size 6oz","groupMetaData":null,"itemType":null,"pac":null,"offerId":"446CEFA93A78456792E9F6E2CD27F35A","sellerId":"F55CDC31AB754BB68FE0B39041159D63","showSubscribe":false,"sellerName":null,"salesUnitType":"EACH","weightIncrement":1,"hasSellerBadge":null,"preOrder":{"streetDate":null,"streetDateDisplayable":null,"streetDateType":null,"isPreOrder":false,"preOrderMessage":null,"preOrderStreetDateMessage":null},"price":10.98,"priceInfo":{"linePrice":"$10.98","priceDisplayCondition":null,"unitPrice":"43.3 ¢/fl oz","priceRangeString":"","subscriptionString":"","linePriceDisplay":"$10.98","eaPricingPreText":""},"usItemId":"197307410","variantList":[],"isVariantTypeSwatch":false,"type":"REGULAR","rating":{"averageRating":4.8,"numberOfReviews":165},"sponsoredProduct":null,"isSponsoredFlag":false,"brand":"Stella Rosa","canonicalUrl":"/ip/Stella-Rosa-Peach-Semi-Sweet-White-Wine-750ml-Glass-Bottle-Piedmont-Italy-Serving-Size-6oz/197307410?athcpid=197307410\u0026athpgid=AthenaContentPage_8604954\u0026athcgid=null\u0026athznid=ItemCarousel_3932e350-8859-4a5e-8a6f-2298e5bce4df_items\u0026athieid=v0\u0026athstid=CS020\u0026athguid=fZ0TNvxS86RnhOIMqZXwWGGGu40sBHjwnBkn\u0026athancid=null\u0026athena=true"},{"canAddToCart":true,"showOptions":false,"badge":{"id":"L1600","text":"Best seller","key":"BESTSELLER","type":"LABEL","rank":1,"styleId":null},"badgeGroups":[],"badges":{"flags":[{"key":"BESTSELLER","text":"Best seller","type":"LABEL","id":"L1600","rank":1,"styleId":null}],"labels":[],"tags":[{"key":"PICKUP","text":"Pickup","id":"L1001","rank":null},{"key":"DELIVERY","text":"Delivery","id":"L1002","rank":null}],"groups":[]},"earlyAccessEvent":false,"eventAttributes":{"specialBuy":false,"priceFlip":false},"flag":"Best seller","classType":"REGULAR","fulfillmentBadges":["Pickup","Delivery"],"fulfillmentSpeed":null,"fulfillmentType":"STORE","id":"165455256","image":"https://i5.walmartimages.com/asr/337f5641-09ca-4046-8382-e371848794c4_1.29f7a2b6654deecbed19f00d4bb1e30a.jpeg","isEarlyAccessItem":false,"isOutOfStock":false,"maxVisibleSwatchCount":4,"name":"Barefoot Pink Moscato Sweet Pink Wine, California, 750ml Glass Bottle","groupMetaData":null,"itemType":null,"pac":null,"offerId":"FE60192E327342EA8300B0333610253F","sellerId":"F55CDC31AB754BB68FE0B39041159D63","showSubscribe":false,"sellerName":null,"salesUnitType":"EACH","weightIncrement":1,"hasSellerBadge":null,"preOrder":{"streetDate":null,"streetDateDisplayable":null,"streetDateType":null,"isPreOrder":false,"preOrderMessage":null,"preOrderStreetDateMessage":null},"price":5.98,"priceInfo":{"linePrice":"$5.98","priceDisplayCondition":null,"unitPrice":"23.6 ¢/fl oz","priceRangeString":"","subscriptionString":"","linePriceDisplay":"$5.98","eaPricingPreText":""},"usItemId":"165455256","variantList":[],"isVariantTypeSwatch":false,"type":"REGULAR","rating":{"averageRating":4.4,"numberOfReviews":59},"sponsoredProduct":null,"isSponsoredFlag":false,"brand":"Barefoot","canonicalUrl":"/ip/Barefoot-Pink-Moscato-Sweet-Pink-Wine-California-750ml-Glass-Bottle/165455256?athcpid=165455256\u0026athpgid=AthenaContentPage_8604954\u0026athcgid=null\u0026athznid=ItemCarousel_3932e350-8859-4a5e-8a6f-2298e5bce4df_items\u0026athieid=v0\u0026athstid=CS020\u0026athguid=fZ0TNvxS86RnhOIMqZXwWGGGu40sBHjwnBkn\u0026athancid=null\u0026athena=true\u0026athbdg=L1600"},{"canAddToCart":true,"showOptions":false,"badge":{"id":"L1600","text":"Best seller","key":"BESTSELLER","type":"LABEL","rank":1,"styleId":null},"badgeGroups":[],"badges":{"flags":[{"key":"BESTSELLER","text":"Best seller","type":"LABEL","id":"L1600","rank":1,"styleId":null}],"labels":[],"tags":[{"key":"PICKUP","text":"Pickup","id":"L1001","rank":null},{"key":"DELIVERY","text":"Delivery","id":"L1002","rank":null}],"groups":[]},"earlyAccessEvent":false,"eventAttributes":{"specialBuy":false,"priceFlip":false},"flag":"Best seller","classType":"REGULAR","fulfillmentBadges":["Pickup","Delivery"],"fulfillmentSpeed":null,"fulfillmentType":"STORE","id":"10984592","image":"https://i5.walmartimages.com/asr/61f04f1e-3c64-4b80-ba19-77a21bd20f8c.c4988d5b927b9c1d192fd842bb569201.jpeg","isEarlyAccessItem":false,"isOutOfStock":false,"maxVisibleSwatchCount":4,"name":"Barefoot Pinot Grigio White Wine, California, 750ml Glass Bottle","groupMetaData":null,"itemType":null,"pac":null,"offerId":"D06FD3346BA543F39D56CF45FE9AEE95","sellerId":"F55CDC31AB754BB68FE0B39041159D63","showSubscribe":false,"sellerName":null,"salesUnitType":"EACH","weightIncrement":1,"hasSellerBadge":null,"preOrder":{"streetDate":null,"streetDateDisplayable":null,"streetDateType":null,"isPreOrder":false,"preOrderMessage":null,"preOrderStreetDateMessage":null},"price":5.98,"priceInfo":{"linePrice":"$5.98","priceDisplayCondition":null,"unitPrice":"23.6 ¢/fl oz","priceRangeString":"","subscriptionString":"","linePriceDisplay":"$5.98","eaPricingPreText":""},"usItemId":"10984592","variantList":[],"isVariantTypeSwatch":false,"type":"REGULAR","rating":{"averageRating":4.3,"numberOfReviews":843},"sponsoredProduct":null,"isSponsoredFlag":false,"brand":"Barefoot","canonicalUrl":"/ip/Barefoot-Pinot-Grigio-White-Wine-California-750ml-Glass-Bottle/10984592?athcpid=10984592\u0026athpgid=AthenaContentPage_8604954\u0026athcgid=null\u0026athznid=ItemCarousel_3932e350-8859-4a5e-8a6f-2298e5bce4df_items\u0026athieid=v0\u0026athstid=CS020\u0026athguid=fZ0TNvxS86RnhOIMqZXwWGGGu40sBHjwnBkn\u0026athancid=null\u0026athena=true\u0026athbdg=L1600"},{"canAddToCart":true,"showOptions":false,"badge":{"id":"L1600","text":"Best seller","key":"BESTSELLER","type":"LABEL","rank":1,"styleId":null},"badgeGroups":[],"badges":{"flags":[{"key":"BESTSELLER","text":"Best seller","type":"LABEL","id":"L1600","rank":1,"styleId":null}],"labels":[],"tags":[{"key":"PICKUP","text":"Pickup","id":"L1001","rank":null},{"key":"DELIVERY","text":"Delivery","id":"L1002","rank":null}],"groups":[]},"earlyAccessEvent":false,"eventAttributes":{"specialBuy":false,"priceFlip":false},"flag":"Best seller","classType":"REGULAR","fulfillmentBadges":["Pickup","Delivery"],"fulfillmentSpeed":null,"fulfillmentType":"STORE","id":"23554930","image":"https://i5.walmartimages.com/asr/01371c6d-c104-4eb4-a19e-da7bfea5ae50.4e26aa80b2ddde58dfda020b530101e6.jpeg","isEarlyAccessItem":false,"isOutOfStock":false,"maxVisibleSwatchCount":4,"name":"Kim Crawford Marlborough Sauvignon Blanc White Wine, 750 ml Bottle, 13% ABV","groupMetaData":null,"itemType":null,"pac":null,"offerId":"643D59F0EAFD486C829F038C45A20D1C","sellerId":"F55CDC31AB754BB68FE0B39041159D63","showSubscribe":false,"sellerName":null,"salesUnitType":"EACH","weightIncrement":1,"hasSellerBadge":null,"preOrder":{"streetDate":null,"streetDateDisplayable":null,"streetDateType":null,"isPreOrder":false,"preOrderMessage":null,"preOrderStreetDateMessage":null},"price":14.98,"priceInfo":{"linePrice":"$14.98","priceDisplayCondition":null,"unitPrice":"59.1 ¢/fl oz","priceRangeString":"","subscriptionString":"","linePriceDisplay":"$14.98","eaPricingPreText":""},"usItemId":"23554930","variantList":[],"isVariantTypeSwatch":false,"type":"REGULAR","rating":{"averageRating":4.7,"numberOfReviews":869},"sponsoredProduct":null,"isSponsoredFlag":false,"brand":"Kim Crawford","canonicalUrl":"/ip/Kim-Crawford-Marlborough-Sauvignon-Blanc-White-Wine-750-ml-Bottle-13-ABV/23554930?athcpid=23554930\u0026athpgid=AthenaContentPage_8604954\u0026athcgid=null\u0026athznid=ItemCarousel_3932e350-8859-4a5e-8a6f-2298e5bce4df_items\u0026athieid=v0\u0026athstid=CS020\u0026athguid=fZ0TNvxS86RnhOIMqZXwWGGGu40sBHjwnBkn\u0026athancid=null\u0026athena=true\u0026athbdg=L1600"},{"canAddToCart":true,"showOptions":false,"badge":{"id":"L1600","text":"Best seller","key":"BESTSELLER","type":"LABEL","rank":1,"styleId":null},"badgeGroups":[],"badges":{"flags":[{"key":"BESTSELLER","text":"Best seller","type":"LABEL","id":"L1600","rank":1,"styleId":null}],"labels":[],"tags":[{"key":"PICKUP","text":"Pickup","id":"L1001","rank":null},{"key":"DELIVERY","text":"Delivery","id":"L1002","rank":null}],"groups":[]},"earlyAccessEvent":false,"eventAttributes":{"specialBuy":false,"priceFlip":false},"flag":"Best seller","classType":"REGULAR","fulfillmentBadges":["Pickup","Delivery"],"fulfillmentSpeed":null,"fulfillmentType":"STORE","id":"460047844","image":"https://i5.walmartimages.com/asr/d720fe79-633e-4a17-9425-1f76c3e8e2a6.8b51b853471070d5dc0b03e04e414622.jpeg","isEarlyAccessItem":false,"isOutOfStock":false,"maxVisibleSwatchCount":4,"name":"Stella Rosa Watermelon Semi-Sweet Rosé Wine, 750ml Glass Bottle, Piedmont, Italy Serving Size 6oz","groupMetaData":null,"itemType":null,"pac":null,"offerId":"65A4322504FA4A2AACFBC15D603D083A","sellerId":"F55CDC31AB754BB68FE0B39041159D63","showSubscribe":false,"sellerName":null,"salesUnitType":"EACH","weightIncrement":1,"hasSellerBadge":null,"preOrder":{"streetDate":null,"streetDateDisplayable":null,"streetDateType":null,"isPreOrder":false,"preOrderMessage":null,"preOrderStreetDateMessage":null},"price":10.98,"priceInfo":{"linePrice":"$10.98","priceDisplayCondition":null,"unitPrice":"43.3 ¢/fl oz","priceRangeString":"","subscriptionString":"","linePriceDisplay":"$10.98","eaPricingPreText":""},"usItemId":"460047844","variantList":[],"isVariantTypeSwatch":false,"type":"REGULAR","rating":{"averageRating":4.6,"numberOfReviews":74},"sponsoredProduct":null,"isSponsoredFlag":false,"brand":"Stella Rosa","canonicalUrl":"/ip/Stella-Rosa-Watermelon-Semi-Sweet-Ros-Wine-750ml-Glass-Bottle-Piedmont-Italy-Serving-Size-6oz/460047844?athcpid=460047844\u0026athpgid=AthenaContentPage_8604954\u0026athcgid=null\u0026athznid=ItemCarousel_3932e350-8859-4a5e-8a6f-2298e5bce4df_items\u0026athieid=v0\u0026athstid=CS020\u0026athguid=fZ0TNvxS86RnhOIMqZXwWGGGu40sBHjwnBkn\u0026athancid=null\u0026athena=true\u0026athbdg=L1600"},{"canAddToCart":true,"showOptions":false,"badge":{"id":"L1600","text":"Best seller","key":"BESTSELLER","type":"LABEL","rank":1,"styleId":null},"badgeGroups":[],"badges":{"flags":[{"key":"BESTSELLER","text":"Best seller","type":"LABEL","id":"L1600","rank":1,"styleId":null}],"labels":[],"tags":[{"key":"PICKUP","text":"Pickup","id":"L1001","rank":null},{"key":"DELIVERY","text":"Delivery","id":"L1002","rank":null}],"groups":[]},"earlyAccessEvent":false,"eventAttributes":{"specialBuy":false,"priceFlip":false},"flag":"Best seller","classType":"REGULAR","fulfillmentBadges":["Pickup","Delivery"],"fulfillmentSpeed":null,"fulfillmentType":"STORE","id":"149123688","image":"https://i5.walmartimages.com/asr/efe3f72d-9a5f-46a4-bf00-bfbeefd09a04.c211f3dc902a60ffca6ee8de681d5064.jpeg","isEarlyAccessItem":false,"isOutOfStock":false,"maxVisibleSwatchCount":4,"name":"Josh Cellars Califonia Sauvignon Blanc White Wine, 750 ml","groupMetaData":null,"itemType":null,"pac":null,"offerId":"EE2F86712FB142B182CD0D5985C39F30","sellerId":"F55CDC31AB754BB68FE0B39041159D63","showSubscribe":false,"sellerName":null,"salesUnitType":"EACH","weightIncrement":1,"hasSellerBadge":null,"preOrder":{"streetDate":null,"streetDateDisplayable":null,"streetDateType":null,"isPreOrder":false,"preOrderMessage":null,"preOrderStreetDateMessage":null},"price":10.98,"priceInfo":{"linePrice":"$10.98","priceDisplayCondition":null,"unitPrice":"43.3 ¢/fl oz","priceRangeString":"","subscriptionString":"","linePriceDisplay":"$10.98","eaPricingPreText":""},"usItemId":"149123688","variantList":[],"isVariantTypeSwatch":false,"type":"REGULAR","rating":{"averageRating":4.6,"numberOfReviews":16},"sponsoredProduct":null,"isSponsoredFlag":false,"brand":"Josh Cellars","canonicalUrl":"/ip/Josh-Cellars-Califonia-Sauvignon-Blanc-White-Wine-750-ml/149123688?athcpid=149123688\u0026athpgid=AthenaContentPage_8604954\u0026athcgid=null\u0026athznid=ItemCarousel_3932e350-8859-4a5e-8a6f-2298e5bce4df_items\u0026athieid=v0\u0026athstid=CS020\u0026athguid=fZ0TNvxS86RnhOIMqZXwWGGGu40sBHjwnBkn\u0026athancid=null\u0026athena=true\u0026athbdg=L1600"},{"canAddToCart":true,"showOptions":false,"badge":null,"badgeGroups":[],"badges":{"flags":null,"labels":[],"tags":[{"key":"PICKUP","text":"Pickup","id":"L1001","rank":null},{"key":"DELIVERY","text":"Delivery","id":"L1002","rank":null}],"groups":[]},"earlyAccessEvent":false,"eventAttributes":{"specialBuy":false,"priceFlip":false},"flag":"","classType":"REGULAR","fulfillmentBadges":["Pickup","Delivery"],"fulfillmentSpeed":null,"fulfillmentType":"STORE","id":"119710853","image":"https://i5.walmartimages.com/asr/bd711048-c8dd-4bee-8d88-4ec199b6a791.dfecdb111a69a77f39047328e4b6b6b7.jpeg","isEarlyAccessItem":false,"isOutOfStock":false,"maxVisibleSwatchCount":4,"name":"Capriccio Red Sangria Wine, Florida, 13.9% ABV, 750 ml Glass Bottle, 5-150ml Servings","groupMetaData":null,"itemType":null,"pac":null,"offerId":"A5CA293F2C81432883D580C2978F9B09","sellerId":"F55CDC31AB754BB68FE0B39041159D63","showSubscribe":false,"sellerName":null,"salesUnitType":"EACH","weightIncrement":1,"hasSellerBadge":null,"preOrder":{"streetDate":null,"streetDateDisplayable":null,"streetDateType":null,"isPreOrder":false,"preOrderMessage":null,"preOrderStreetDateMessage":null},"price":8.48,"priceInfo":{"linePrice":"$8.48","priceDisplayCondition":null,"unitPrice":"33.4 ¢/fl oz","priceRangeString":"","subscriptionString":"","linePriceDisplay":"$8.48","eaPricingPreText":""},"usItemId":"119710853","variantList":[],"isVariantTypeSwatch":false,"type":"REGULAR","rating":{"averageRating":5,"numberOfReviews":2},"sponsoredProduct":null,"isSponsoredFlag":false,"brand":"Capriccio","canonicalUrl":"/ip/Capriccio-Red-Sangria-Wine-Florida-13-9-ABV-750-ml-Glass-Bottle-5-150ml-Servings/119710853?athcpid=119710853\u0026athpgid=AthenaContentPage_8604954\u0026athcgid=null\u0026athznid=ItemCarousel_3932e350-8859-4a5e-8a6f-2298e5bce4df_items\u0026athieid=v0\u0026athstid=CS020\u0026athguid=fZ0TNvxS86RnhOIMqZXwWGGGu40sBHjwnBkn\u0026athancid=null\u0026athena=true"},{"canAddToCart":true,"showOptions":false,"badge":{"id":"L1600","text":"Best seller","key":"BESTSELLER","type":"LABEL","rank":1,"styleId":null},"badgeGroups":[],"badges":{"flags":[{"key":"BESTSELLER","text":"Best seller","type":"LABEL","id":"L1600","rank":1,"styleId":null}],"labels":[],"tags":[{"key":"PICKUP","text":"Pickup","id":"L1001","rank":null},{"key":"DELIVERY","text":"Delivery","id":"L1002","rank":null}],"groups":[]},"earlyAccessEvent":false,"eventAttributes":{"specialBuy":false,"priceFlip":false},"flag":"Best seller","classType":"REGULAR","fulfillmentBadges":["Pickup","Delivery"],"fulfillmentSpeed":null,"fulfillmentType":"STORE","id":"188873570","image":"https://i5.walmartimages.com/asr/307f7c03-9995-47e4-923e-377252326e65.1afe151b9b1a7fe2d08050ecb7e36587.jpeg","isEarlyAccessItem":false,"isOutOfStock":false,"maxVisibleSwatchCount":4,"name":"Oyster Bay Sauvignon Blanc White Wine, 750ml","groupMetaData":null,"itemType":null,"pac":null,"offerId":"C431B09FF03A46F58FAE1F546EFA464E","sellerId":"F55CDC31AB754BB68FE0B39041159D63","showSubscribe":false,"sellerName":null,"salesUnitType":"EACH","weightIncrement":1,"hasSellerBadge":null,"preOrder":{"streetDate":null,"streetDateDisplayable":null,"streetDateType":null,"isPreOrder":false,"preOrderMessage":null,"preOrderStreetDateMessage":null},"price":11.98,"priceInfo":{"linePrice":"$11.98","priceDisplayCondition":null,"unitPrice":"47.2 ¢/fl oz","priceRangeString":"","subscriptionString":"","linePriceDisplay":"$11.98","eaPricingPreText":""},"usItemId":"188873570","variantList":[],"isVariantTypeSwatch":false,"type":"REGULAR","rating":{"averageRating":4.6,"numberOfReviews":96},"sponsoredProduct":null,"isSponsoredFlag":false,"brand":"Oyster Bay","canonicalUrl":"/ip/Oyster-Bay-Sauvignon-Blanc-White-Wine-750ml/188873570?athcpid=188873570\u0026athpgid=AthenaContentPage_8604954\u0026athcgid=null\u0026athznid=ItemCarousel_3932e350-8859-4a5e-8a6f-2298e5bce4df_items\u0026athieid=v0\u0026athstid=CS020\u0026athguid=fZ0TNvxS86RnhOIMqZXwWGGGu40sBHjwnBkn\u0026athancid=null\u0026athena=true\u0026athbdg=L1600"},{"canAddToCart":true,"showOptions":false,"badge":null,"badgeGroups":[],"badges":{"flags":null,"labels":[],"tags":[{"key":"PICKUP","text":"Pickup","id":"L1001","rank":null},{"key":"DELIVERY","text":"Delivery","id":"L1002","rank":null}],"groups":[]},"earlyAccessEvent":false,"eventAttributes":{"specialBuy":false,"priceFlip":false},"flag":"","classType":"REGULAR","fulfillmentBadges":["Pickup","Delivery"],"fulfillmentSpeed":null,"fulfillmentType":"STORE","id":"132572479","image":"https://i5.walmartimages.com/asr/6f2db628-fad0-4937-8962-4960d465875d.b49addc4d6593bbaa7eb9284ef0f2fcb.png","isEarlyAccessItem":false,"isOutOfStock":false,"maxVisibleSwatchCount":4,"name":"Castello Del Poggio Moscato White Wine, Italy, 750ml Glass Bottle, 5-150ml Servings","groupMetaData":null,"itemType":null,"pac":null,"offerId":"1EB2E7045E5F4E69ABA7FC7D890DB848","sellerId":"F55CDC31AB754BB68FE0B39041159D63","showSubscribe":false,"sellerName":null,"salesUnitType":"EACH","weightIncrement":1,"hasSellerBadge":null,"preOrder":{"streetDate":null,"streetDateDisplayable":null,"streetDateType":null,"isPreOrder":false,"preOrderMessage":null,"preOrderStreetDateMessage":null},"price":11.48,"priceInfo":{"linePrice":"$11.48","priceDisplayCondition":null,"unitPrice":"45.2 ¢/fl oz","priceRangeString":"","subscriptionString":"","linePriceDisplay":"$11.48","eaPricingPreText":""},"usItemId":"132572479","variantList":[],"isVariantTypeSwatch":false,"type":"REGULAR","rating":{"averageRating":4.8,"numberOfReviews":37},"sponsoredProduct":null,"isSponsoredFlag":false,"brand":"Castello del Poggio","canonicalUrl":"/ip/Castello-Del-Poggio-Moscato-White-Wine-Italy-750ml-Glass-Bottle-5-150ml-Servings/132572479?athcpid=132572479\u0026athpgid=AthenaContentPage_8604954\u0026athcgid=null\u0026athznid=ItemCarousel_3932e350-8859-4a5e-8a6f-2298e5bce4df_items\u0026athieid=v0\u0026athstid=CS020\u0026athguid=fZ0TNvxS86RnhOIMqZXwWGGGu40sBHjwnBkn\u0026athancid=null\u0026athena=true"},{"canAddToCart":true,"showOptions":false,"badge":null,"badgeGroups":[],"badges":{"flags":null,"labels":[],"tags":[{"key":"PICKUP","text":"Pickup","id":"L1001","rank":null},{"key":"DELIVERY","text":"Delivery","id":"L1002","rank":null}],"groups":[]},"earlyAccessEvent":false,"eventAttributes":{"specialBuy":false,"priceFlip":false},"flag":"","classType":"REGULAR","fulfillmentBadges":["Pickup","Delivery"],"fulfillmentSpeed":null,"fulfillmentType":"STORE","id":"164037297","image":"https://i5.walmartimages.com/asr/56f185b0-7af7-4cb5-b5d7-6a8371ca8d62.a405393847c94b316a2f493d70a56c95.jpeg","isEarlyAccessItem":false,"isOutOfStock":false,"maxVisibleSwatchCount":4,"name":"Butter Chardonnay Wine, 750 ML","groupMetaData":null,"itemType":null,"pac":null,"offerId":"43BC8FA269604A3B98123357B077F51A","sellerId":"F55CDC31AB754BB68FE0B39041159D63","showSubscribe":false,"sellerName":null,"salesUnitType":"EACH","weightIncrement":1,"hasSellerBadge":null,"preOrder":{"streetDate":null,"streetDateDisplayable":null,"streetDateType":null,"isPreOrder":false,"preOrderMessage":null,"preOrderStreetDateMessage":null},"price":14.98,"priceInfo":{"linePrice":"$14.98","priceDisplayCondition":null,"unitPrice":"59.1 ¢/fl oz","priceRangeString":"","subscriptionString":"","linePriceDisplay":"$14.98","eaPricingPreText":""},"usItemId":"164037297","variantList":[],"isVariantTypeSwatch":false,"type":"REGULAR","rating":{"averageRating":4.9,"numberOfReviews":27},"sponsoredProduct":null,"isSponsoredFlag":false,"brand":"Butter","canonicalUrl":"/ip/Butter-Chardonnay-Wine-750-ML/164037297?athcpid=164037297\u0026athpgid=AthenaContentPage_8604954\u0026athcgid=null\u0026athznid=ItemCarousel_3932e350-8859-4a5e-8a6f-2298e5bce4df_items\u0026athieid=v0\u0026athstid=CS020\u0026athguid=fZ0TNvxS86RnhOIMqZXwWGGGu40sBHjwnBkn\u0026athancid=null\u0026athena=true"},{"canAddToCart":true,"showOptions":false,"badge":null,"badgeGroups":[],"badges":{"flags":null,"labels":[],"tags":[{"key":"PICKUP","text":"Pickup","id":"L1001","rank":null},{"key":"DELIVERY","text":"Delivery","id":"L1002","rank":null}],"groups":[]},"earlyAccessEvent":false,"eventAttributes":{"specialBuy":false,"priceFlip":false},"flag":"","classType":"REGULAR","fulfillmentBadges":["Pickup","Delivery"],"fulfillmentSpeed":null,"fulfillmentType":"STORE","id":"215509065","image":"https://i5.walmartimages.com/asr/f9b0dec2-e595-4994-b81c-356d7e1953de.b683e51b0930aced81a1029d59e72c52.jpeg","isEarlyAccessItem":false,"isOutOfStock":false,"maxVisibleSwatchCount":4,"name":"Stella Rosa Strawberry Rosé Semi-Sweet Rosé Wine, 750ml Glass Bottle Piedmont Italy Serving Size 5oz","groupMetaData":null,"itemType":null,"pac":null,"offerId":"3EB35AA9B37343188C0AC180A598D662","sellerId":"F55CDC31AB754BB68FE0B39041159D63","showSubscribe":false,"sellerName":null,"salesUnitType":"EACH","weightIncrement":1,"hasSellerBadge":null,"preOrder":{"streetDate":null,"streetDateDisplayable":null,"streetDateType":null,"isPreOrder":false,"preOrderMessage":null,"preOrderStreetDateMessage":null},"price":10.98,"priceInfo":{"linePrice":"$10.98","priceDisplayCondition":null,"unitPrice":"43.3 ¢/fl oz","priceRangeString":"","subscriptionString":"","linePriceDisplay":"$10.98","eaPricingPreText":""},"usItemId":"215509065","variantList":[],"isVariantTypeSwatch":false,"type":"REGULAR","rating":{"averageRating":5,"numberOfReviews":3},"sponsoredProduct":null,"isSponsoredFlag":false,"brand":"Stella Rosa","canonicalUrl":"/ip/Stella-Rosa-Strawberry-Ros-Semi-Sweet-Ros-Wine-750ml-Glass-Bottle-Piedmont-Italy-Serving-Size-5oz/215509065?athcpid=215509065\u0026athpgid=AthenaContentPage_8604954\u0026athcgid=null\u0026athznid=ItemCarousel_3932e350-8859-4a5e-8a6f-2298e5bce4df_items\u0026athieid=v0\u0026athstid=CS020\u0026athguid=fZ0TNvxS86RnhOIMqZXwWGGGu40sBHjwnBkn\u0026athancid=null\u0026athena=true"},{"canAddToCart":true,"showOptions":false,"badge":{"id":"L1600","text":"Best seller","key":"BESTSELLER","type":"LABEL","rank":1,"styleId":null},"badgeGroups":[],"badges":{"flags":[{"key":"BESTSELLER","text":"Best seller","type":"LABEL","id":"L1600","rank":1,"styleId":null}],"labels":[],"tags":[{"key":"PICKUP","text":"Pickup","id":"L1001","rank":null},{"key":"DELIVERY","text":"Delivery","id":"L1002","rank":null}],"groups":[]},"earlyAccessEvent":false,"eventAttributes":{"specialBuy":false,"priceFlip":false},"flag":"Best seller","classType":"REGULAR","fulfillmentBadges":["Pickup","Delivery"],"fulfillmentSpeed":null,"fulfillmentType":"STORE","id":"463713705","image":"https://i5.walmartimages.com/asr/8783573b-1885-42b6-97be-e6dace73c4bc.019bb61161d6e7aefa8cd6041aa2bb31.png","isEarlyAccessItem":false,"isOutOfStock":false,"maxVisibleSwatchCount":4,"name":"Barefoot Fruitscato California Peach Rose Wine, 750ml Glass Bottle","groupMetaData":null,"itemType":null,"pac":null,"offerId":"D0C7921C649A48A2B0D8D64A9D2D6AA2","sellerId":"F55CDC31AB754BB68FE0B39041159D63","showSubscribe":false,"sellerName":null,"salesUnitType":"EACH","weightIncrement":1,"hasSellerBadge":null,"preOrder":{"streetDate":null,"streetDateDisplayable":null,"streetDateType":null,"isPreOrder":false,"preOrderMessage":null,"preOrderStreetDateMessage":null},"price":5.98,"priceInfo":{"linePrice":"$5.98","priceDisplayCondition":null,"unitPrice":"23.6 ¢/fl oz","priceRangeString":"","subscriptionString":"","linePriceDisplay":"$5.98","eaPricingPreText":""},"usItemId":"463713705","variantList":[],"isVariantTypeSwatch":false,"type":"REGULAR","rating":{"averageRating":5,"numberOfReviews":2},"sponsoredProduct":null,"isSponsoredFlag":false,"brand":"Barefoot","canonicalUrl":"/ip/Barefoot-Fruitscato-California-Peach-Rose-Wine-750ml-Glass-Bottle/463713705?athcpid=463713705\u0026athpgid=AthenaContentPage_8604954\u0026athcgid=null\u0026athznid=ItemCarousel_3932e350-8859-4a5e-8a6f-2298e5bce4df_items\u0026athieid=v0\u0026athstid=CS020\u0026athguid=fZ0TNvxS86RnhOIMqZXwWGGGu40sBHjwnBkn\u0026athancid=null\u0026athena=true\u0026athbdg=L1600"},{"canAddToCart":true,"showOptions":false,"badge":null,"badgeGroups":[],"badges":{"flags":null,"labels":[],"tags":[{"key":"PICKUP","text":"Pickup","id":"L1001","rank":null},{"key":"DELIVERY","text":"Delivery","id":"L1002","rank":null}],"groups":[]},"earlyAccessEvent":false,"eventAttributes":{"specialBuy":false,"priceFlip":false},"flag":"","classType":"REGULAR","fulfillmentBadges":["Pickup","Delivery"],"fulfillmentSpeed":null,"fulfillmentType":"STORE","id":"162649819","image":"https://i5.walmartimages.com/asr/34ca206f-e09e-49a4-8b9b-26dade28957a.f8295ebbc92d114f4a76c4b0fe1d44d9.jpeg","isEarlyAccessItem":false,"isOutOfStock":false,"maxVisibleSwatchCount":4,"name":"Stella Rosa Blueberry Semi-Sweet Red Wine, 750ml Glass Bottle, Piedmont Italy, Serving Size 5oz","groupMetaData":null,"itemType":null,"pac":null,"offerId":"EEE11A0F684949CCAD12D453E1AE0E05","sellerId":"F55CDC31AB754BB68FE0B39041159D63","showSubscribe":false,"sellerName":null,"salesUnitType":"EACH","weightIncrement":1,"hasSellerBadge":null,"preOrder":{"streetDate":null,"streetDateDisplayable":null,"streetDateType":null,"isPreOrder":false,"preOrderMessage":null,"preOrderStreetDateMessage":null},"price":10.98,"priceInfo":{"linePrice":"$10.98","priceDisplayCondition":null,"unitPrice":"43.3 ¢/fl oz","priceRangeString":"","subscriptionString":"","linePriceDisplay":"$10.98","eaPricingPreText":""},"usItemId":"162649819","variantList":[],"isVariantTypeSwatch":false,"type":"REGULAR","rating":{"averageRating":4.7,"numberOfReviews":109},"sponsoredProduct":null,"isSponsoredFlag":false,"brand":"Stella Rosa","canonicalUrl":"/ip/Stella-Rosa-Blueberry-Semi-Sweet-Red-Wine-750ml-Glass-Bottle-Piedmont-Italy-Serving-Size-5oz/162649819?athcpid=162649819\u0026athpgid=AthenaContentPage_8604954\u0026athcgid=null\u0026athznid=ItemCarousel_3932e350-8859-4a5e-8a6f-2298e5bce4df_items\u0026athieid=v0\u0026athstid=CS020\u0026athguid=fZ0TNvxS86RnhOIMqZXwWGGGu40sBHjwnBkn\u0026athancid=null\u0026athena=true"}]}},"publishedDate":1700095611965,"moduleId":"3932e350-8859-4a5e-8a6f-2298e5bce4df","module_id":"3932e350-8859-4a5e-8a6f-2298e5bce4df","matchedTrigger":{"pageType":"ContentPage","pageId":"8604954","zone":"contentZone7","inheritable":false}},{"name":"CLONE:Sparkling wines carousel - TLP - Web - 12.09","type":"ItemCarousel","version":2,"status":"published","schedule":{"start":null,"end":null,"priority":1,"expEnabled":false},"triggers":[{"pageType":"ContentPage","pageId":"8604954","zone":"contentZone21","inheritable":false}],"configs":{"__typename":"TempoWM_GLASSWWWItemCarouselConfigsV1","type":null,"title":"Champagne \u0026 sparkling wine","subTitle":null,"viewAllLink":{"linkText":"View all","title":"View all","clickThrough":{"type":"url","value":"https://www.walmart.com/browse/food/sparkling-wine/976759_2975985_8604954_2790604?povid=976759_itemcarousel_8604954_Champagneandsparklingwine_Viewall_Rweb_Oct_27"}},"spBeaconInfo":null,"tileOptions":null,"productsConfig":{"products":[{"canAddToCart":true,"showOptions":false,"badge":null,"badgeGroups":[],"badges":{"flags":null,"labels":[],"tags":[{"key":"PICKUP","text":"Pickup","id":"L1001","rank":null},{"key":"DELIVERY","text":"Delivery","id":"L1002","rank":null}],"groups":[]},"earlyAccessEvent":false,"eventAttributes":{"specialBuy":false,"priceFlip":false},"flag":"","classType":"REGULAR","fulfillmentBadges":["Pickup","Delivery"],"fulfillmentSpeed":null,"fulfillmentType":"STORE","id":"100705732","image":"https://i5.walmartimages.com/asr/ee7a80fc-7216-4d00-8110-d95002c6f602.89134c5bfb2c08886f9e04c0f4fcdfd2.jpeg","isEarlyAccessItem":false,"isOutOfStock":false,"maxVisibleSwatchCount":4,"name":"Veuve Clicquot Yellow Label Champagne, 750 ml","groupMetaData":null,"itemType":null,"pac":null,"offerId":"445F970500E4494799D5A45D00554C03","sellerId":"F55CDC31AB754BB68FE0B39041159D63","showSubscribe":false,"sellerName":null,"salesUnitType":"EACH","weightIncrement":1,"hasSellerBadge":null,"preOrder":{"streetDate":null,"streetDateDisplayable":null,"streetDateType":null,"isPreOrder":false,"preOrderMessage":null,"preOrderStreetDateMessage":null},"price":59.98,"priceInfo":{"linePrice":"$59.98","priceDisplayCondition":null,"unitPrice":"$2.37/fl oz","priceRangeString":"","subscriptionString":"","linePriceDisplay":"$59.98","eaPricingPreText":""},"usItemId":"100705732","variantList":[],"isVariantTypeSwatch":false,"type":"REGULAR","rating":{"averageRating":4.9,"numberOfReviews":45},"sponsoredProduct":null,"isSponsoredFlag":false,"brand":"VEUVE CLICQUOT","canonicalUrl":"/ip/Veuve-Clicquot-Yellow-Label-Champagne-750-ml/100705732?athcpid=100705732\u0026athpgid=AthenaContentPage_8604954\u0026athcgid=null\u0026athznid=ItemCarousel_98e14f4a-fa4f-4579-925a-fbf7fa99c3a2_items\u0026athieid=v0\u0026athstid=CS020\u0026athguid=fZ0TNvxS86RnhOIMqZXwWGGGu40sBHjwnBkn\u0026athancid=null\u0026athena=true"},{"canAddToCart":true,"showOptions":false,"badge":{"id":"L1600","text":"Best seller","key":"BESTSELLER","type":"LABEL","rank":1,"styleId":null},"badgeGroups":[],"badges":{"flags":[{"key":"BESTSELLER","text":"Best seller","type":"LABEL","id":"L1600","rank":1,"styleId":null}],"labels":[],"tags":[{"key":"PICKUP","text":"Pickup","id":"L1001","rank":null},{"key":"DELIVERY","text":"Delivery","id":"L1002","rank":null}],"groups":[]},"earlyAccessEvent":false,"eventAttributes":{"specialBuy":false,"priceFlip":false},"flag":"Best seller","classType":"REGULAR","fulfillmentBadges":["Pickup","Delivery"],"fulfillmentSpeed":null,"fulfillmentType":"STORE","id":"122347458","image":"https://i5.walmartimages.com/asr/1f05f8b1-1078-4a56-a910-a63f82a01e85_1.7821bc09b28c532952352a9563ff5228.jpeg","isEarlyAccessItem":false,"isOutOfStock":false,"maxVisibleSwatchCount":4,"name":"La Marca Prosecco Sparkling Wine, 750ml Glass Bottle, Product of Italy","groupMetaData":null,"itemType":null,"pac":null,"offerId":"5C04195C4C2E40B2A909876B41B6433E","sellerId":"F55CDC31AB754BB68FE0B39041159D63","showSubscribe":false,"sellerName":null,"salesUnitType":"EACH","weightIncrement":1,"hasSellerBadge":null,"preOrder":{"streetDate":null,"streetDateDisplayable":null,"streetDateType":null,"isPreOrder":false,"preOrderMessage":null,"preOrderStreetDateMessage":null},"price":14.98,"priceInfo":{"linePrice":"$14.98","priceDisplayCondition":null,"unitPrice":"59.0 ¢/fl oz","priceRangeString":"","subscriptionString":"","linePriceDisplay":"$14.98","eaPricingPreText":""},"usItemId":"122347458","variantList":[],"isVariantTypeSwatch":false,"type":"REGULAR","rating":{"averageRating":4.8,"numberOfReviews":392},"sponsoredProduct":null,"isSponsoredFlag":false,"brand":"La Marca","canonicalUrl":"/ip/La-Marca-Prosecco-Sparkling-Wine-750ml-Glass-Bottle-Product-of-Italy/122347458?athcpid=122347458\u0026athpgid=AthenaContentPage_8604954\u0026athcgid=null\u0026athznid=ItemCarousel_98e14f4a-fa4f-4579-925a-fbf7fa99c3a2_items\u0026athieid=v0\u0026athstid=CS020\u0026athguid=fZ0TNvxS86RnhOIMqZXwWGGGu40sBHjwnBkn\u0026athancid=null\u0026athena=true\u0026athbdg=L1600"},{"canAddToCart":true,"showOptions":false,"badge":{"id":"L1600","text":"Best seller","key":"BESTSELLER","type":"LABEL","rank":1,"styleId":null},"badgeGroups":[],"badges":{"flags":[{"key":"BESTSELLER","text":"Best seller","type":"LABEL","id":"L1600","rank":1,"styleId":null}],"labels":[],"tags":[{"key":"PICKUP","text":"Pickup","id":"L1001","rank":null},{"key":"DELIVERY","text":"Delivery","id":"L1002","rank":null}],"groups":[]},"earlyAccessEvent":false,"eventAttributes":{"specialBuy":false,"priceFlip":false},"flag":"Best seller","classType":"REGULAR","fulfillmentBadges":["Pickup","Delivery"],"fulfillmentSpeed":null,"fulfillmentType":"STORE","id":"10984583","image":"https://i5.walmartimages.com/asr/2bb0c0ba-4916-40c4-b10e-472f53a085f8.e57f1591955c9b727dee23121e83d970.jpeg","isEarlyAccessItem":false,"isOutOfStock":false,"maxVisibleSwatchCount":4,"name":"Andre Champagne Brut, California Sparkling Wine, Single 750ml Glass Bottle","groupMetaData":null,"itemType":null,"pac":null,"offerId":"80917147791C4195A811E534E3B645E7","sellerId":"F55CDC31AB754BB68FE0B39041159D63","showSubscribe":false,"sellerName":null,"salesUnitType":"EACH","weightIncrement":1,"hasSellerBadge":null,"preOrder":{"streetDate":null,"streetDateDisplayable":null,"streetDateType":null,"isPreOrder":false,"preOrderMessage":null,"preOrderStreetDateMessage":null},"price":5.48,"priceInfo":{"linePrice":"$5.48","priceDisplayCondition":null,"unitPrice":"21.6 ¢/fl oz","priceRangeString":"","subscriptionString":"","linePriceDisplay":"$5.48","eaPricingPreText":""},"usItemId":"10984583","variantList":[],"isVariantTypeSwatch":false,"type":"REGULAR","rating":{"averageRating":4.4,"numberOfReviews":215},"sponsoredProduct":null,"isSponsoredFlag":false,"brand":"Andre","canonicalUrl":"/ip/Andre-Champagne-Brut-California-Sparkling-Wine-Single-750ml-Glass-Bottle/10984583?athcpid=10984583\u0026athpgid=AthenaContentPage_8604954\u0026athcgid=null\u0026athznid=ItemCarousel_98e14f4a-fa4f-4579-925a-fbf7fa99c3a2_items\u0026athieid=v0\u0026athstid=CS020\u0026athguid=fZ0TNvxS86RnhOIMqZXwWGGGu40sBHjwnBkn\u0026athancid=null\u0026athena=true\u0026athbdg=L1600"},{"canAddToCart":true,"showOptions":false,"badge":{"id":"L1600","text":"Best seller","key":"BESTSELLER","type":"LABEL","rank":1,"styleId":null},"badgeGroups":[],"badges":{"flags":[{"key":"BESTSELLER","text":"Best seller","type":"LABEL","id":"L1600","rank":1,"styleId":null}],"labels":[],"tags":[{"key":"PICKUP","text":"Pickup","id":"L1001","rank":null},{"key":"DELIVERY","text":"Delivery","id":"L1002","rank":null}],"groups":[]},"earlyAccessEvent":false,"eventAttributes":{"specialBuy":false,"priceFlip":false},"flag":"Best seller","classType":"REGULAR","fulfillmentBadges":["Pickup","Delivery"],"fulfillmentSpeed":null,"fulfillmentType":"STORE","id":"10984584","image":"https://i5.walmartimages.com/asr/ec1536ca-d9f0-4579-81bf-ce26836f7ee3.266304a308dfabd47d687dc637394c50.jpeg","isEarlyAccessItem":false,"isOutOfStock":false,"maxVisibleSwatchCount":4,"name":"Andre Champagne Extra Dry Sparkling Wine, California,  Single 750ml Glass Bottle","groupMetaData":null,"itemType":null,"pac":null,"offerId":"25F0010DBA7A49B79612866C6BCFC641","sellerId":"F55CDC31AB754BB68FE0B39041159D63","showSubscribe":false,"sellerName":null,"salesUnitType":"EACH","weightIncrement":1,"hasSellerBadge":null,"preOrder":{"streetDate":null,"streetDateDisplayable":null,"streetDateType":null,"isPreOrder":false,"preOrderMessage":null,"preOrderStreetDateMessage":null},"price":5.48,"priceInfo":{"linePrice":"$5.48","priceDisplayCondition":null,"unitPrice":"21.7 ¢/fl oz","priceRangeString":"","subscriptionString":"","linePriceDisplay":"$5.48","eaPricingPreText":""},"usItemId":"10984584","variantList":[],"isVariantTypeSwatch":false,"type":"REGULAR","rating":{"averageRating":4.5,"numberOfReviews":87},"sponsoredProduct":null,"isSponsoredFlag":false,"brand":"Andre","canonicalUrl":"/ip/Andre-Champagne-Extra-Dry-Sparkling-Wine-California-Single-750ml-Glass-Bottle/10984584?athcpid=10984584\u0026athpgid=AthenaContentPage_8604954\u0026athcgid=null\u0026athznid=ItemCarousel_98e14f4a-fa4f-4579-925a-fbf7fa99c3a2_items\u0026athieid=v0\u0026athstid=CS020\u0026athguid=fZ0TNvxS86RnhOIMqZXwWGGGu40sBHjwnBkn\u0026athancid=null\u0026athena=true\u0026athbdg=L1600"},{"canAddToCart":true,"showOptions":false,"badge":{"id":"L1600","text":"Best seller","key":"BESTSELLER","type":"LABEL","rank":1,"styleId":null},"badgeGroups":[],"badges":{"flags":[{"key":"BESTSELLER","text":"Best seller","type":"LABEL","id":"L1600","rank":1,"styleId":null}],"labels":[],"tags":[{"key":"PICKUP","text":"Pickup","id":"L1001","rank":null},{"key":"DELIVERY","text":"Delivery","id":"L1002","rank":null}],"groups":[]},"earlyAccessEvent":false,"eventAttributes":{"specialBuy":false,"priceFlip":false},"flag":"Best seller","classType":"REGULAR","fulfillmentBadges":["Pickup","Delivery"],"fulfillmentSpeed":null,"fulfillmentType":"STORE","id":"10984566","image":"https://i5.walmartimages.com/asr/90327d22-06f2-4943-bca5-ebafb5128cc9.2fa3ea76b52e2577cfb9fea2e897e46d.jpeg","isEarlyAccessItem":false,"isOutOfStock":false,"maxVisibleSwatchCount":4,"name":"Cook's California Champagne Brut White Sparkling Wine, 750 ml Bottle, 11.5% ABV","groupMetaData":null,"itemType":null,"pac":null,"offerId":"55A3AAA6D27D4CC6A629C8D31B24FA4F","sellerId":"F55CDC31AB754BB68FE0B39041159D63","showSubscribe":false,"sellerName":null,"salesUnitType":"EACH","weightIncrement":1,"hasSellerBadge":null,"preOrder":{"streetDate":null,"streetDateDisplayable":null,"streetDateType":null,"isPreOrder":false,"preOrderMessage":null,"preOrderStreetDateMessage":null},"price":7.98,"priceInfo":{"linePrice":"$7.98","priceDisplayCondition":null,"unitPrice":"31.5 ¢/fl oz","priceRangeString":"","subscriptionString":"","linePriceDisplay":"$7.98","eaPricingPreText":""},"usItemId":"10984566","variantList":[],"isVariantTypeSwatch":false,"type":"REGULAR","rating":{"averageRating":4.4,"numberOfReviews":86},"sponsoredProduct":null,"isSponsoredFlag":false,"brand":"Cook's","canonicalUrl":"/ip/Cook-s-California-Champagne-Brut-White-Sparkling-Wine-750-ml-Bottle-11-5-ABV/10984566?athcpid=10984566\u0026athpgid=AthenaContentPage_8604954\u0026athcgid=null\u0026athznid=ItemCarousel_98e14f4a-fa4f-4579-925a-fbf7fa99c3a2_items\u0026athieid=v0\u0026athstid=CS020\u0026athguid=fZ0TNvxS86RnhOIMqZXwWGGGu40sBHjwnBkn\u0026athancid=null\u0026athena=true\u0026athbdg=L1600"},{"canAddToCart":true,"showOptions":false,"badge":{"id":"L1600","text":"Best seller","key":"BESTSELLER","type":"LABEL","rank":1,"styleId":null},"badgeGroups":[],"badges":{"flags":[{"key":"BESTSELLER","text":"Best seller","type":"LABEL","id":"L1600","rank":1,"styleId":null}],"labels":[],"tags":[{"key":"PICKUP","text":"Pickup","id":"L1001","rank":null},{"key":"DELIVERY","text":"Delivery","id":"L1002","rank":null}],"groups":[]},"earlyAccessEvent":false,"eventAttributes":{"specialBuy":false,"priceFlip":false},"flag":"Best seller","classType":"REGULAR","fulfillmentBadges":["Pickup","Delivery"],"fulfillmentSpeed":null,"fulfillmentType":"STORE","id":"184632548","image":"https://i5.walmartimages.com/asr/50e01fed-b258-4ac4-bc36-9f8636228d94_2.7ad28f2d3f604d48848d0edc97b5cff9.jpeg","isEarlyAccessItem":false,"isOutOfStock":false,"maxVisibleSwatchCount":4,"name":"Barefoot Bubbly Pink Moscato California Champagne Wine, 750ml Glass Bottle","groupMetaData":null,"itemType":null,"pac":null,"offerId":"733CDF4A0E7D44DF9FFAF7127DE6B71D","sellerId":"F55CDC31AB754BB68FE0B39041159D63","showSubscribe":false,"sellerName":null,"salesUnitType":"EACH","weightIncrement":1,"hasSellerBadge":null,"preOrder":{"streetDate":null,"streetDateDisplayable":null,"streetDateType":null,"isPreOrder":false,"preOrderMessage":null,"preOrderStreetDateMessage":null},"price":9.98,"priceInfo":{"linePrice":"$9.98","priceDisplayCondition":null,"unitPrice":"39.3 ¢/fl oz","priceRangeString":"","subscriptionString":"","linePriceDisplay":"$9.98","eaPricingPreText":""},"usItemId":"184632548","variantList":[],"isVariantTypeSwatch":false,"type":"REGULAR","rating":{"averageRating":4.6,"numberOfReviews":996},"sponsoredProduct":null,"isSponsoredFlag":false,"brand":"Barefoot","canonicalUrl":"/ip/Barefoot-Bubbly-Pink-Moscato-California-Champagne-Wine-750ml-Glass-Bottle/184632548?athcpid=184632548\u0026athpgid=AthenaContentPage_8604954\u0026athcgid=null\u0026athznid=ItemCarousel_98e14f4a-fa4f-4579-925a-fbf7fa99c3a2_items\u0026athieid=v0\u0026athstid=CS020\u0026athguid=fZ0TNvxS86RnhOIMqZXwWGGGu40sBHjwnBkn\u0026athancid=null\u0026athena=true\u0026athbdg=L1600"},{"canAddToCart":true,"showOptions":false,"badge":null,"badgeGroups":[],"badges":{"flags":null,"labels":[],"tags":[{"key":"PICKUP","text":"Pickup","id":"L1001","rank":null},{"key":"DELIVERY","text":"Delivery","id":"L1002","rank":null}],"groups":[]},"earlyAccessEvent":false,"eventAttributes":{"specialBuy":false,"priceFlip":false},"flag":"","classType":"REGULAR","fulfillmentBadges":["Pickup","Delivery"],"fulfillmentSpeed":null,"fulfillmentType":"STORE","id":"10984453","image":"https://i5.walmartimages.com/asr/5fe39bc6-5027-41da-9452-ef4ec8e3b776_1.e79c379c209c10c2e939aa552718b78b.jpeg","isEarlyAccessItem":false,"isOutOfStock":false,"maxVisibleSwatchCount":4,"name":"Martini \u0026 Rossi Asti Sparkling Wine, 750 mL","groupMetaData":null,"itemType":null,"pac":null,"offerId":"32FF85B15C26415B8F1BA7BF54C2C151","sellerId":"F55CDC31AB754BB68FE0B39041159D63","showSubscribe":false,"sellerName":null,"salesUnitType":"EACH","weightIncrement":1,"hasSellerBadge":null,"preOrder":{"streetDate":null,"streetDateDisplayable":null,"streetDateType":null,"isPreOrder":false,"preOrderMessage":null,"preOrderStreetDateMessage":null},"price":9.98,"priceInfo":{"linePrice":"$9.98","priceDisplayCondition":null,"unitPrice":"39.4 ¢/fl oz","priceRangeString":"","subscriptionString":"","linePriceDisplay":"$9.98","eaPricingPreText":""},"usItemId":"10984453","variantList":[],"isVariantTypeSwatch":false,"type":"REGULAR","rating":{"averageRating":4.8,"numberOfReviews":142},"sponsoredProduct":null,"isSponsoredFlag":false,"brand":"Martini \u0026 Rossi","canonicalUrl":"/ip/Martini-Rossi-Asti-Sparkling-Wine-750-mL/10984453?athcpid=10984453\u0026athpgid=AthenaContentPage_8604954\u0026athcgid=null\u0026athznid=ItemCarousel_98e14f4a-fa4f-4579-925a-fbf7fa99c3a2_items\u0026athieid=v0\u0026athstid=CS020\u0026athguid=fZ0TNvxS86RnhOIMqZXwWGGGu40sBHjwnBkn\u0026athancid=null\u0026athena=true"},{"canAddToCart":true,"showOptions":false,"badge":{"id":"L1600","text":"Best seller","key":"BESTSELLER","type":"LABEL","rank":1,"styleId":null},"badgeGroups":[],"badges":{"flags":[{"key":"BESTSELLER","text":"Best seller","type":"LABEL","id":"L1600","rank":1,"styleId":null}],"labels":[],"tags":[{"key":"PICKUP","text":"Pickup","id":"L1001","rank":null},{"key":"DELIVERY","text":"Delivery","id":"L1002","rank":null}],"groups":[]},"earlyAccessEvent":false,"eventAttributes":{"specialBuy":false,"priceFlip":false},"flag":"Best seller","classType":"REGULAR","fulfillmentBadges":["Pickup","Delivery"],"fulfillmentSpeed":null,"fulfillmentType":"STORE","id":"47447880","image":"https://i5.walmartimages.com/asr/fab7f585-fba5-406d-94c0-46003fab88ba.daabd4f281cbb269b920e3a3f7f83361.jpeg","isEarlyAccessItem":false,"isOutOfStock":false,"maxVisibleSwatchCount":4,"name":"Korbel Extra Dry California Champagne, 750 ml Bottle, 24 Proof","groupMetaData":null,"itemType":null,"pac":null,"offerId":"455B9E15132446CD9752030BE094E983","sellerId":"F55CDC31AB754BB68FE0B39041159D63","showSubscribe":false,"sellerName":null,"salesUnitType":"EACH","weightIncrement":1,"hasSellerBadge":null,"preOrder":{"streetDate":null,"streetDateDisplayable":null,"streetDateType":null,"isPreOrder":false,"preOrderMessage":null,"preOrderStreetDateMessage":null},"price":13.98,"priceInfo":{"linePrice":"$13.98","priceDisplayCondition":null,"unitPrice":"55.0 ¢/fl oz","priceRangeString":"","subscriptionString":"","linePriceDisplay":"$13.98","eaPricingPreText":""},"usItemId":"47447880","variantList":[],"isVariantTypeSwatch":false,"type":"REGULAR","rating":{"averageRating":4.5,"numberOfReviews":48},"sponsoredProduct":null,"isSponsoredFlag":false,"brand":"KORBEL","canonicalUrl":"/ip/Korbel-Extra-Dry-California-Champagne-750-ml-Bottle-24-Proof/47447880?athcpid=47447880\u0026athpgid=AthenaContentPage_8604954\u0026athcgid=null\u0026athznid=ItemCarousel_98e14f4a-fa4f-4579-925a-fbf7fa99c3a2_items\u0026athieid=v0\u0026athstid=CS020\u0026athguid=fZ0TNvxS86RnhOIMqZXwWGGGu40sBHjwnBkn\u0026athancid=null\u0026athena=true\u0026athbdg=L1600"},{"canAddToCart":true,"showOptions":false,"badge":{"id":"L1600","text":"Best seller","key":"BESTSELLER","type":"LABEL","rank":1,"styleId":null},"badgeGroups":[],"badges":{"flags":[{"key":"BESTSELLER","text":"Best seller","type":"LABEL","id":"L1600","rank":1,"styleId":null}],"labels":[],"tags":[{"key":"PICKUP","text":"Pickup","id":"L1001","rank":null},{"key":"DELIVERY","text":"Delivery","id":"L1002","rank":null}],"groups":[]},"earlyAccessEvent":false,"eventAttributes":{"specialBuy":false,"priceFlip":false},"flag":"Best seller","classType":"REGULAR","fulfillmentBadges":["Pickup","Delivery"],"fulfillmentSpeed":null,"fulfillmentType":"STORE","id":"10984588","image":"https://i5.walmartimages.com/asr/fd712ea4-23a1-4708-bec9-87596b423a88.af6b43deabd2af3f3dc907ae3bb51834.jpeg","isEarlyAccessItem":false,"isOutOfStock":false,"maxVisibleSwatchCount":4,"name":"Andre Champagne Spumante California Sparkling Wine, 750ml Glass Bottle, 148ml Serving Size","groupMetaData":null,"itemType":null,"pac":null,"offerId":"3510F837310548B68200F64DF3B2A44B","sellerId":"F55CDC31AB754BB68FE0B39041159D63","showSubscribe":false,"sellerName":null,"salesUnitType":"EACH","weightIncrement":1,"hasSellerBadge":null,"preOrder":{"streetDate":null,"streetDateDisplayable":null,"streetDateType":null,"isPreOrder":false,"preOrderMessage":null,"preOrderStreetDateMessage":null},"price":5.48,"priceInfo":{"linePrice":"$5.48","priceDisplayCondition":null,"unitPrice":"21.6 ¢/fl oz","priceRangeString":"","subscriptionString":"","linePriceDisplay":"$5.48","eaPricingPreText":""},"usItemId":"10984588","variantList":[],"isVariantTypeSwatch":false,"type":"REGULAR","rating":{"averageRating":0,"numberOfReviews":0},"sponsoredProduct":null,"isSponsoredFlag":false,"brand":"Andre","canonicalUrl":"/ip/Andre-Champagne-Spumante-California-Sparkling-Wine-750ml-Glass-Bottle-148ml-Serving-Size/10984588?athcpid=10984588\u0026athpgid=AthenaContentPage_8604954\u0026athcgid=null\u0026athznid=ItemCarousel_98e14f4a-fa4f-4579-925a-fbf7fa99c3a2_items\u0026athieid=v0\u0026athstid=CS020\u0026athguid=fZ0TNvxS86RnhOIMqZXwWGGGu40sBHjwnBkn\u0026athancid=null\u0026athena=true\u0026athbdg=L1600"},{"canAddToCart":true,"showOptions":false,"badge":null,"badgeGroups":[],"badges":{"flags":null,"labels":[],"tags":[{"key":"PICKUP","text":"Pickup","id":"L1001","rank":null},{"key":"DELIVERY","text":"Delivery","id":"L1002","rank":null}],"groups":[]},"earlyAccessEvent":false,"eventAttributes":{"specialBuy":false,"priceFlip":false},"flag":"","classType":"REGULAR","fulfillmentBadges":["Pickup","Delivery"],"fulfillmentSpeed":null,"fulfillmentType":"STORE","id":"121854055","image":"https://i5.walmartimages.com/asr/7b38daff-2e89-479b-b3c9-9dbf23b6d801.ac0c5718cae55ef4fc279aec53637e8f.jpeg","isEarlyAccessItem":false,"isOutOfStock":false,"maxVisibleSwatchCount":4,"name":"Barefoot Bubbly Brut Cuvee California Champagne Wine, 750ml Glass Bottle","groupMetaData":null,"itemType":null,"pac":null,"offerId":"025CFF13EA9F4FD381F4B8A93B878CEA","sellerId":"F55CDC31AB754BB68FE0B39041159D63","showSubscribe":false,"sellerName":null,"salesUnitType":"EACH","weightIncrement":1,"hasSellerBadge":null,"preOrder":{"streetDate":null,"streetDateDisplayable":null,"streetDateType":null,"isPreOrder":false,"preOrderMessage":null,"preOrderStreetDateMessage":null},"price":9.98,"priceInfo":{"linePrice":"$9.98","priceDisplayCondition":null,"unitPrice":"39.3 ¢/fl oz","priceRangeString":"","subscriptionString":"","linePriceDisplay":"$9.98","eaPricingPreText":""},"usItemId":"121854055","variantList":[],"isVariantTypeSwatch":false,"type":"REGULAR","rating":{"averageRating":4.4,"numberOfReviews":139},"sponsoredProduct":null,"isSponsoredFlag":false,"brand":"Barefoot","canonicalUrl":"/ip/Barefoot-Bubbly-Brut-Cuvee-California-Champagne-Wine-750ml-Glass-Bottle/121854055?athcpid=121854055\u0026athpgid=AthenaContentPage_8604954\u0026athcgid=null\u0026athznid=ItemCarousel_98e14f4a-fa4f-4579-925a-fbf7fa99c3a2_items\u0026athieid=v0\u0026athstid=CS020\u0026athguid=fZ0TNvxS86RnhOIMqZXwWGGGu40sBHjwnBkn\u0026athancid=null\u0026athena=true"},{"canAddToCart":true,"showOptions":false,"badge":null,"badgeGroups":[],"badges":{"flags":null,"labels":[],"tags":[{"key":"PICKUP","text":"Pickup","id":"L1001","rank":null},{"key":"DELIVERY","text":"Delivery","id":"L1002","rank":null}],"groups":[]},"earlyAccessEvent":false,"eventAttributes":{"specialBuy":false,"priceFlip":false},"flag":"","classType":"REGULAR","fulfillmentBadges":["Pickup","Delivery"],"fulfillmentSpeed":null,"fulfillmentType":"STORE","id":"102634370","image":"https://i5.walmartimages.com/asr/461dde09-c0e3-48b3-9228-17cc345cc890.fd0a2eda6333f7d32f665a8173551fcc.jpeg","isEarlyAccessItem":false,"isOutOfStock":false,"maxVisibleSwatchCount":4,"name":"Freixenet Brut Cordon Negro Spain, 750 ml Bottle","groupMetaData":null,"itemType":null,"pac":null,"offerId":"F0DEEF9F4DA74EB6878AED6B6935ECB5","sellerId":"F55CDC31AB754BB68FE0B39041159D63","showSubscribe":false,"sellerName":null,"salesUnitType":"EACH","weightIncrement":1,"hasSellerBadge":null,"preOrder":{"streetDate":null,"streetDateDisplayable":null,"streetDateType":null,"isPreOrder":false,"preOrderMessage":null,"preOrderStreetDateMessage":null},"price":11.98,"priceInfo":{"linePrice":"$11.98","priceDisplayCondition":null,"unitPrice":"47.2 ¢/fl oz","priceRangeString":"","subscriptionString":"","linePriceDisplay":"$11.98","eaPricingPreText":""},"usItemId":"102634370","variantList":[],"isVariantTypeSwatch":false,"type":"REGULAR","rating":{"averageRating":4.6,"numberOfReviews":130},"sponsoredProduct":null,"isSponsoredFlag":false,"brand":"FREIXENET","canonicalUrl":"/ip/Freixenet-Brut-Cordon-Negro-Spain-750-ml-Bottle/102634370?athcpid=102634370\u0026athpgid=AthenaContentPage_8604954\u0026athcgid=null\u0026athznid=ItemCarousel_98e14f4a-fa4f-4579-925a-fbf7fa99c3a2_items\u0026athieid=v0\u0026athstid=CS020\u0026athguid=fZ0TNvxS86RnhOIMqZXwWGGGu40sBHjwnBkn\u0026athancid=null\u0026athena=true"},{"canAddToCart":true,"showOptions":false,"badge":null,"badgeGroups":[],"badges":{"flags":null,"labels":[],"tags":[{"key":"PICKUP","text":"Pickup","id":"L1001","rank":null},{"key":"DELIVERY","text":"Delivery","id":"L1002","rank":null}],"groups":[]},"earlyAccessEvent":false,"eventAttributes":{"specialBuy":false,"priceFlip":false},"flag":"","classType":"REGULAR","fulfillmentBadges":["Pickup","Delivery"],"fulfillmentSpeed":null,"fulfillmentType":"STORE","id":"122130804","image":"https://i5.walmartimages.com/asr/0fada946-8aa9-4d7f-acdf-57b5ad56fc7c_1.d7d4b69d293869dbc7eb153b5130901e.jpeg","isEarlyAccessItem":false,"isOutOfStock":false,"maxVisibleSwatchCount":4,"name":"Barefoot Bubbly California Moscato Spumante Champagne, 750ml Glass Bottle","groupMetaData":null,"itemType":null,"pac":null,"offerId":"DC8088A3C6D54FCC94B6266D09DF4B75","sellerId":"F55CDC31AB754BB68FE0B39041159D63","showSubscribe":false,"sellerName":null,"salesUnitType":"EACH","weightIncrement":1,"hasSellerBadge":null,"preOrder":{"streetDate":null,"streetDateDisplayable":null,"streetDateType":null,"isPreOrder":false,"preOrderMessage":null,"preOrderStreetDateMessage":null},"price":9.98,"priceInfo":{"linePrice":"$9.98","priceDisplayCondition":null,"unitPrice":"39.4 ¢/fl oz","priceRangeString":"","subscriptionString":"","linePriceDisplay":"$9.98","eaPricingPreText":""},"usItemId":"122130804","variantList":[],"isVariantTypeSwatch":false,"type":"REGULAR","rating":{"averageRating":4.6,"numberOfReviews":190},"sponsoredProduct":null,"isSponsoredFlag":false,"brand":"Barefoot","canonicalUrl":"/ip/Barefoot-Bubbly-California-Moscato-Spumante-Champagne-750ml-Glass-Bottle/122130804?athcpid=122130804\u0026athpgid=AthenaContentPage_8604954\u0026athcgid=null\u0026athznid=ItemCarousel_98e14f4a-fa4f-4579-925a-fbf7fa99c3a2_items\u0026athieid=v0\u0026athstid=CS020\u0026athguid=fZ0TNvxS86RnhOIMqZXwWGGGu40sBHjwnBkn\u0026athancid=null\u0026athena=true"},{"canAddToCart":true,"showOptions":false,"badge":null,"badgeGroups":[],"badges":{"flags":null,"labels":[],"tags":[{"key":"PICKUP","text":"Pickup","id":"L1001","rank":null},{"key":"DELIVERY","text":"Delivery","id":"L1002","rank":null}],"groups":[]},"earlyAccessEvent":false,"eventAttributes":{"specialBuy":false,"priceFlip":false},"flag":"","classType":"REGULAR","fulfillmentBadges":["Pickup","Delivery"],"fulfillmentSpeed":null,"fulfillmentType":"STORE","id":"104670913","image":"https://i5.walmartimages.com/asr/756984c3-65a9-497a-9efb-f365d6f1cf77.7850b7f80af6e0c8bdf87a112c60f05c.jpeg","isEarlyAccessItem":false,"isOutOfStock":false,"maxVisibleSwatchCount":4,"name":"Lumina Prosecco by Ruffino DOC, Italian White Sparkling Wine, 750 ml Bottle, 11% ABV","groupMetaData":null,"itemType":null,"pac":null,"offerId":"4F86A84C14304E4099E4BB1EDEA2A1BD","sellerId":"F55CDC31AB754BB68FE0B39041159D63","showSubscribe":false,"sellerName":null,"salesUnitType":"EACH","weightIncrement":1,"hasSellerBadge":null,"preOrder":{"streetDate":null,"streetDateDisplayable":null,"streetDateType":null,"isPreOrder":false,"preOrderMessage":null,"preOrderStreetDateMessage":null},"price":11.98,"priceInfo":{"linePrice":"$11.98","priceDisplayCondition":null,"unitPrice":"47.2 ¢/fl oz","priceRangeString":"","subscriptionString":"","linePriceDisplay":"$11.98","eaPricingPreText":""},"usItemId":"104670913","variantList":[],"isVariantTypeSwatch":false,"type":"REGULAR","rating":{"averageRating":4.7,"numberOfReviews":171},"sponsoredProduct":null,"isSponsoredFlag":false,"brand":"RUFFINO","canonicalUrl":"/ip/Lumina-Prosecco-by-Ruffino-DOC-Italian-White-Sparkling-Wine-750-ml-Bottle-11-ABV/104670913?athcpid=104670913\u0026athpgid=AthenaContentPage_8604954\u0026athcgid=null\u0026athznid=ItemCarousel_98e14f4a-fa4f-4579-925a-fbf7fa99c3a2_items\u0026athieid=v0\u0026athstid=CS020\u0026athguid=fZ0TNvxS86RnhOIMqZXwWGGGu40sBHjwnBkn\u0026athancid=null\u0026athena=true"}]}},"publishedDate":1701731736532,"moduleId":"98e14f4a-fa4f-4579-925a-fbf7fa99c3a2","module_id":"98e14f4a-fa4f-4579-925a-fbf7fa99c3a2","matchedTrigger":{"pageType":"ContentPage","pageId":"8604954","zone":"contentZone21","inheritable":false}},{"name":"Crisp white wines carousel - TLP - Web - 12.09","type":"ItemCarousel","version":11,"status":"published","schedule":{"start":null,"end":null,"priority":1,"expEnabled":false},"triggers":[{"pageType":"ContentPage","pageId":"6603248","zone":"contentZone2","inheritable":false},{"pageType":"ContentPage","pageId":"8604954","zone":"contentZone11","inheritable":false}],"configs":{"__typename":"TempoWM_GLASSWWWItemCarouselConfigsV1","type":null,"title":"Crisp white wines","subTitle":null,"viewAllLink":{"linkText":"View all","title":"View all","clickThrough":{"type":"url","value":"https://www.walmart.com/browse/food/all-white-wine/976759_2975985_8604954_8749992_2962771?povid=976759_itemcarousel_8604954_Crispwhitewines_Viewall_Rweb_Dec_6"}},"spBeaconInfo":null,"tileOptions":null,"productsConfig":{"products":[{"canAddToCart":true,"showOptions":false,"badge":{"id":"L1600","text":"Best seller","key":"BESTSELLER","type":"LABEL","rank":1,"styleId":null},"badgeGroups":[],"badges":{"flags":[{"key":"BESTSELLER","text":"Best seller","type":"LABEL","id":"L1600","rank":1,"styleId":null}],"labels":[],"tags":[{"key":"PICKUP","text":"Pickup","id":"L1001","rank":null},{"key":"DELIVERY","text":"Delivery","id":"L1002","rank":null}],"groups":[]},"earlyAccessEvent":false,"eventAttributes":{"specialBuy":false,"priceFlip":false},"flag":"Best seller","classType":"REGULAR","fulfillmentBadges":["Pickup","Delivery"],"fulfillmentSpeed":null,"fulfillmentType":"STORE","id":"10984592","image":"https://i5.walmartimages.com/seo/Barefoot-Pinot-Grigio-White-Wine-California-750ml-Glass-Bottle_61f04f1e-3c64-4b80-ba19-77a21bd20f8c.c4988d5b927b9c1d192fd842bb569201.jpeg","isEarlyAccessItem":false,"isOutOfStock":false,"maxVisibleSwatchCount":4,"name":"Barefoot Pinot Grigio White Wine, California, 750ml Glass Bottle","groupMetaData":null,"itemType":null,"pac":null,"offerId":"D06FD3346BA543F39D56CF45FE9AEE95","sellerId":"F55CDC31AB754BB68FE0B39041159D63","showSubscribe":false,"sellerName":"Walmart.com","salesUnitType":"EACH","weightIncrement":1,"hasSellerBadge":null,"preOrder":{"streetDate":null,"streetDateDisplayable":null,"streetDateType":null,"isPreOrder":false,"preOrderMessage":null,"preOrderStreetDateMessage":null},"price":5.98,"priceInfo":{"linePrice":"$5.98","priceDisplayCondition":null,"unitPrice":"23.6 ¢/fl oz","minPriceForVariant":null,"priceRangeString":"","subscriptionString":"","linePriceDisplay":"$5.98","eaPricingPreText":""},"usItemId":"10984592","variantList":[],"isVariantTypeSwatch":false,"type":"REGULAR","rating":{"averageRating":4.3,"numberOfReviews":843},"sponsoredProduct":null,"isSponsoredFlag":false,"brand":"Barefoot","canonicalUrl":"/ip/Barefoot-Pinot-Grigio-White-Wine-California-750ml-Glass-Bottle/10984592"},{"canAddToCart":true,"showOptions":false,"badge":null,"badgeGroups":[],"badges":{"flags":[],"labels":null,"tags":[],"groups":null},"earlyAccessEvent":false,"eventAttributes":{"specialBuy":false,"priceFlip":false},"flag":"","classType":"REGULAR","fulfillmentBadges":[],"fulfillmentSpeed":null,"fulfillmentType":"STORE","id":"12170312","image":"https://i5.walmartimages.com/seo/Oak-Leaf-Vineyards-Pinot-Grigio-Colombard-White-Wine-750-ml-Glass-ABV-11-50_dbabbec4-c6fc-47a8-ab0f-9773384853e1.b1c411392fbfd6927442239fdddb6577.jpeg","isEarlyAccessItem":false,"isOutOfStock":false,"maxVisibleSwatchCount":4,"name":"Oak Leaf Vineyards Pinot Grigio/Colombard White Wine, 750 ml Glass, ABV 11.50%","groupMetaData":null,"itemType":null,"pac":null,"offerId":"0A2A0BDA79744F2EB091DC2C34040169","sellerId":"F55CDC31AB754BB68FE0B39041159D63","showSubscribe":false,"sellerName":"Walmart.com","salesUnitType":"EACH","weightIncrement":1,"hasSellerBadge":null,"preOrder":{"streetDate":null,"streetDateDisplayable":null,"streetDateType":null,"isPreOrder":false,"preOrderMessage":null,"preOrderStreetDateMessage":null},"price":3.46,"priceInfo":{"linePrice":"$3.46","priceDisplayCondition":null,"unitPrice":"13.6 ¢/fl oz","minPriceForVariant":null,"priceRangeString":"","subscriptionString":"","linePriceDisplay":"$3.46","eaPricingPreText":""},"usItemId":"12170312","variantList":[],"isVariantTypeSwatch":false,"type":"REGULAR","rating":{"averageRating":4,"numberOfReviews":24},"sponsoredProduct":null,"isSponsoredFlag":false,"brand":"Oak Leaf Vineyards","canonicalUrl":"/ip/Oak-Leaf-Vineyards-Pinot-Grigio-Colombard-White-Wine-750-ml-Glass-ABV-11-50/12170312"},{"canAddToCart":true,"showOptions":false,"badge":{"id":"L1600","text":"Best seller","key":"BESTSELLER","type":"LABEL","rank":1,"styleId":null},"badgeGroups":[],"badges":{"flags":[{"key":"BESTSELLER","text":"Best seller","type":"LABEL","id":"L1600","rank":1,"styleId":null}],"labels":[],"tags":[{"key":"PICKUP","text":"Pickup","id":"L1001","rank":null},{"key":"DELIVERY","text":"Delivery","id":"L1002","rank":null}],"groups":[]},"earlyAccessEvent":false,"eventAttributes":{"specialBuy":false,"priceFlip":false},"flag":"Best seller","classType":"REGULAR","fulfillmentBadges":["Pickup","Delivery"],"fulfillmentSpeed":null,"fulfillmentType":"STORE","id":"149123688","image":"https://i5.walmartimages.com/seo/Josh-Cellars-Califonia-Sauvignon-Blanc-White-Wine-750-ml_efe3f72d-9a5f-46a4-bf00-bfbeefd09a04.c211f3dc902a60ffca6ee8de681d5064.jpeg","isEarlyAccessItem":false,"isOutOfStock":false,"maxVisibleSwatchCount":4,"name":"Josh Cellars Califonia Sauvignon Blanc White Wine, 750 ml","groupMetaData":null,"itemType":null,"pac":null,"offerId":"EE2F86712FB142B182CD0D5985C39F30","sellerId":"F55CDC31AB754BB68FE0B39041159D63","showSubscribe":false,"sellerName":"Walmart.com","salesUnitType":"EACH","weightIncrement":1,"hasSellerBadge":null,"preOrder":{"streetDate":null,"streetDateDisplayable":null,"streetDateType":null,"isPreOrder":false,"preOrderMessage":null,"preOrderStreetDateMessage":null},"price":10.98,"priceInfo":{"linePrice":"$10.98","priceDisplayCondition":null,"unitPrice":"43.3 ¢/fl oz","minPriceForVariant":null,"priceRangeString":"","subscriptionString":"","linePriceDisplay":"$10.98","eaPricingPreText":""},"usItemId":"149123688","variantList":[],"isVariantTypeSwatch":false,"type":"REGULAR","rating":{"averageRating":4.6,"numberOfReviews":16},"sponsoredProduct":null,"isSponsoredFlag":false,"brand":"Josh Cellars","canonicalUrl":"/ip/Josh-Cellars-Califonia-Sauvignon-Blanc-White-Wine-750-ml/149123688"},{"canAddToCart":true,"showOptions":false,"badge":{"id":"L1600","text":"Best seller","key":"BESTSELLER","type":"LABEL","rank":1,"styleId":null},"badgeGroups":[],"badges":{"flags":[{"key":"BESTSELLER","text":"Best seller","type":"LABEL","id":"L1600","rank":1,"styleId":null}],"labels":[],"tags":[{"key":"PICKUP","text":"Pickup","id":"L1001","rank":null},{"key":"DELIVERY","text":"Delivery","id":"L1002","rank":null}],"groups":[]},"earlyAccessEvent":false,"eventAttributes":{"specialBuy":false,"priceFlip":false},"flag":"Best seller","classType":"REGULAR","fulfillmentBadges":["Pickup","Delivery"],"fulfillmentSpeed":null,"fulfillmentType":"STORE","id":"23554930","image":"https://i5.walmartimages.com/seo/Kim-Crawford-Marlborough-Sauvignon-Blanc-White-Wine-750-ml-Bottle-13-ABV_01371c6d-c104-4eb4-a19e-da7bfea5ae50.4e26aa80b2ddde58dfda020b530101e6.jpeg","isEarlyAccessItem":false,"isOutOfStock":false,"maxVisibleSwatchCount":4,"name":"Kim Crawford Marlborough Sauvignon Blanc White Wine, 750 ml Bottle, 13% ABV","groupMetaData":null,"itemType":null,"pac":null,"offerId":"643D59F0EAFD486C829F038C45A20D1C","sellerId":"F55CDC31AB754BB68FE0B39041159D63","showSubscribe":false,"sellerName":"Walmart.com","salesUnitType":"EACH","weightIncrement":1,"hasSellerBadge":null,"preOrder":{"streetDate":null,"streetDateDisplayable":null,"streetDateType":null,"isPreOrder":false,"preOrderMessage":null,"preOrderStreetDateMessage":null},"price":14.98,"priceInfo":{"linePrice":"$14.98","priceDisplayCondition":null,"unitPrice":"59.1 ¢/fl oz","minPriceForVariant":null,"priceRangeString":"","subscriptionString":"","linePriceDisplay":"$14.98","eaPricingPreText":""},"usItemId":"23554930","variantList":[],"isVariantTypeSwatch":false,"type":"REGULAR","rating":{"averageRating":4.7,"numberOfReviews":869},"sponsoredProduct":null,"isSponsoredFlag":false,"brand":"Kim Crawford","canonicalUrl":"/ip/Kim-Crawford-Marlborough-Sauvignon-Blanc-White-Wine-750-ml-Bottle-13-ABV/23554930"},{"canAddToCart":true,"showOptions":false,"badge":{"id":"L1600","text":"Best seller","key":"BESTSELLER","type":"LABEL","rank":1,"styleId":null},"badgeGroups":[],"badges":{"flags":[{"key":"BESTSELLER","text":"Best seller","type":"LABEL","id":"L1600","rank":1,"styleId":null}],"labels":[],"tags":[{"key":"PICKUP","text":"Pickup","id":"L1001","rank":null},{"key":"DELIVERY","text":"Delivery","id":"L1002","rank":null}],"groups":[]},"earlyAccessEvent":false,"eventAttributes":{"specialBuy":false,"priceFlip":false},"flag":"Best seller","classType":"REGULAR","fulfillmentBadges":["Pickup","Delivery"],"fulfillmentSpeed":null,"fulfillmentType":"STORE","id":"188873570","image":"https://i5.walmartimages.com/seo/Oyster-Bay-Sauvignon-Blanc-White-Wine-750ml_307f7c03-9995-47e4-923e-377252326e65.1afe151b9b1a7fe2d08050ecb7e36587.jpeg","isEarlyAccessItem":false,"isOutOfStock":false,"maxVisibleSwatchCount":4,"name":"Oyster Bay Sauvignon Blanc White Wine, 750ml","groupMetaData":null,"itemType":null,"pac":null,"offerId":"C431B09FF03A46F58FAE1F546EFA464E","sellerId":"F55CDC31AB754BB68FE0B39041159D63","showSubscribe":false,"sellerName":"Walmart.com","salesUnitType":"EACH","weightIncrement":1,"hasSellerBadge":null,"preOrder":{"streetDate":null,"streetDateDisplayable":null,"streetDateType":null,"isPreOrder":false,"preOrderMessage":null,"preOrderStreetDateMessage":null},"price":11.98,"priceInfo":{"linePrice":"$11.98","priceDisplayCondition":null,"unitPrice":"47.2 ¢/fl oz","minPriceForVariant":null,"priceRangeString":"","subscriptionString":"","linePriceDisplay":"$11.98","eaPricingPreText":""},"usItemId":"188873570","variantList":[],"isVariantTypeSwatch":false,"type":"REGULAR","rating":{"averageRating":4.6,"numberOfReviews":96},"sponsoredProduct":null,"isSponsoredFlag":false,"brand":"Oyster Bay","canonicalUrl":"/ip/Oyster-Bay-Sauvignon-Blanc-White-Wine-750ml/188873570"},{"canAddToCart":true,"showOptions":false,"badge":null,"badgeGroups":[],"badges":{"flags":[],"labels":null,"tags":[],"groups":null},"earlyAccessEvent":false,"eventAttributes":{"specialBuy":false,"priceFlip":false},"flag":"","classType":"REGULAR","fulfillmentBadges":[],"fulfillmentSpeed":null,"fulfillmentType":"STORE","id":"151830889","image":"https://i5.walmartimages.com/seo/Santa-Margherita-Pinot-Grigio-White-Wine-Italy-12-5-ABV-750-ml-Glass-Bottle-5-150ml-Servings_34013edf-cc91-4567-b2ce-1a46a85240d5.f03155a1dec35834c0cbf9b370ad7178.jpeg","isEarlyAccessItem":false,"isOutOfStock":false,"maxVisibleSwatchCount":4,"name":"Santa Margherita Pinot Grigio White Wine, Italy, 12.5% ABV, 750 ml Glass Bottle, 5-150ml Servings.","groupMetaData":null,"itemType":null,"pac":null,"offerId":"F02197041CA64D9ABAD4F831B678E3E1","sellerId":"F55CDC31AB754BB68FE0B39041159D63","showSubscribe":false,"sellerName":"Walmart.com","salesUnitType":"EACH","weightIncrement":1,"hasSellerBadge":null,"preOrder":{"streetDate":null,"streetDateDisplayable":null,"streetDateType":null,"isPreOrder":false,"preOrderMessage":null,"preOrderStreetDateMessage":null},"price":20.98,"priceInfo":{"linePrice":"$20.98","priceDisplayCondition":null,"unitPrice":"82.7 ¢/fl oz","minPriceForVariant":null,"priceRangeString":"","subscriptionString":"","linePriceDisplay":"$20.98","eaPricingPreText":""},"usItemId":"151830889","variantList":[],"isVariantTypeSwatch":false,"type":"REGULAR","rating":{"averageRating":4.9,"numberOfReviews":34},"sponsoredProduct":null,"isSponsoredFlag":false,"brand":"SANTA MARGHERITA","canonicalUrl":"/ip/Santa-Margherita-Pinot-Grigio-White-Wine-Italy-12-5-ABV-750-ml-Glass-Bottle-5-150ml-Servings/151830889"}]}},"publishedDate":1701849914990,"moduleId":"46967a0b-4f5d-4868-b682-35fd7b6f4a14","module_id":"46967a0b-4f5d-4868-b682-35fd7b6f4a14","matchedTrigger":{"pageType":"ContentPage","pageId":"8604954","zone":"contentZone11","inheritable":false}},{"name":"Dry rose wines carousel - TLP - Web - 12.09","type":"ItemCarousel","version":11,"status":"published","schedule":{"start":null,"end":null,"priority":1,"expEnabled":false},"triggers":[{"pageType":"ContentPage","pageId":"6603248","zone":"contentZone6","inheritable":false},{"pageType":"ContentPage","pageId":"8604954","zone":"contentZone13","inheritable":false}],"configs":{"__typename":"TempoWM_GLASSWWWItemCarouselConfigsV1","type":null,"title":"Dry rose wines","subTitle":null,"viewAllLink":{"linkText":"View all","title":"View all","clickThrough":{"type":"url","value":"https://www.walmart.com/browse/food/all-blush-wine/976759_2975985_8604954_4693550_5394010?povid=976759_itemcarousel_8604954_Dryrosewines_Viewall_Rweb_Dec_6"}},"spBeaconInfo":null,"tileOptions":null,"productsConfig":{"products":[{"canAddToCart":true,"showOptions":false,"badge":null,"badgeGroups":[],"badges":{"flags":null,"labels":[],"tags":[{"key":"PICKUP","text":"Pickup","id":"L1001","rank":null},{"key":"DELIVERY","text":"Delivery","id":"L1002","rank":null}],"groups":[]},"earlyAccessEvent":false,"eventAttributes":{"specialBuy":false,"priceFlip":false},"flag":"","classType":"REGULAR","fulfillmentBadges":["Pickup","Delivery"],"fulfillmentSpeed":null,"fulfillmentType":"STORE","id":"858146462","image":"https://i5.walmartimages.com/asr/0806b44d-564c-475d-bc27-edb7e24aaa42.a70aefd4bbd9d7874059dcb01648fe72.png","isEarlyAccessItem":false,"isOutOfStock":false,"maxVisibleSwatchCount":4,"name":"Whispering Angel Rose","groupMetaData":null,"itemType":null,"pac":null,"offerId":"D9FB084E2AE646F3ACB9C22FAAA9A6D8","sellerId":"F55CDC31AB754BB68FE0B39041159D63","showSubscribe":false,"sellerName":null,"salesUnitType":"EACH","weightIncrement":1,"hasSellerBadge":null,"preOrder":{"streetDate":null,"streetDateDisplayable":null,"streetDateType":null,"isPreOrder":false,"preOrderMessage":null,"preOrderStreetDateMessage":null},"price":21.98,"priceInfo":{"linePrice":"$21.98","priceDisplayCondition":null,"unitPrice":"86.5 ¢/fl oz","priceRangeString":"","subscriptionString":"","linePriceDisplay":"$21.98","eaPricingPreText":""},"usItemId":"858146462","variantList":[],"isVariantTypeSwatch":false,"type":"REGULAR","rating":{"averageRating":4,"numberOfReviews":1},"sponsoredProduct":null,"isSponsoredFlag":false,"brand":"Whispering Angel","canonicalUrl":"/ip/Whispering-Angel-Rose/858146462?athcpid=858146462\u0026athpgid=AthenaContentPage_8604954\u0026athcgid=null\u0026athznid=ItemCarousel_1753b8c6-c8c4-49fa-8e18-809399324bb4_items\u0026athieid=v0\u0026athstid=CS020\u0026athguid=fZ0TNvxS86RnhOIMqZXwWGGGu40sBHjwnBkn\u0026athancid=null\u0026athena=true"},{"canAddToCart":true,"showOptions":false,"badge":null,"badgeGroups":[],"badges":{"flags":null,"labels":[],"tags":[{"key":"PICKUP","text":"Pickup","id":"L1001","rank":null},{"key":"DELIVERY","text":"Delivery","id":"L1002","rank":null}],"groups":[]},"earlyAccessEvent":false,"eventAttributes":{"specialBuy":false,"priceFlip":false},"flag":"","classType":"REGULAR","fulfillmentBadges":["Pickup","Delivery"],"fulfillmentSpeed":null,"fulfillmentType":"STORE","id":"668975626","image":"https://i5.walmartimages.com/asr/fc75e35a-72f7-424d-bc9a-2b4b48d2762e.9196ceae23f1b9d4d2a3ed7b1a1229dd.jpeg","isEarlyAccessItem":false,"isOutOfStock":false,"maxVisibleSwatchCount":4,"name":"Stella Rosa Strawberry Rose Semi-Sweet Rose Wine, 1.5L Glass Bottle Piedmont Italy, Serving Size 5oz","groupMetaData":null,"itemType":null,"pac":null,"offerId":"2EC6A6FC9B2A472E9F2E413E7DDF14CD","sellerId":"F55CDC31AB754BB68FE0B39041159D63","showSubscribe":false,"sellerName":null,"salesUnitType":"EACH","weightIncrement":1,"hasSellerBadge":null,"preOrder":{"streetDate":null,"streetDateDisplayable":null,"streetDateType":null,"isPreOrder":false,"preOrderMessage":null,"preOrderStreetDateMessage":null},"price":22.98,"priceInfo":{"linePrice":"$22.98","priceDisplayCondition":null,"unitPrice":"45.3 ¢/fl oz","priceRangeString":"","subscriptionString":"","linePriceDisplay":"$22.98","eaPricingPreText":""},"usItemId":"668975626","variantList":[],"isVariantTypeSwatch":false,"type":"REGULAR","rating":{"averageRating":5,"numberOfReviews":2},"sponsoredProduct":null,"isSponsoredFlag":false,"brand":"Stella Rosa","canonicalUrl":"/ip/Stella-Rosa-Strawberry-Rose-Semi-Sweet-Rose-Wine-1-5L-Glass-Bottle-Piedmont-Italy-Serving-Size-5oz/668975626?athcpid=668975626\u0026athpgid=AthenaContentPage_8604954\u0026athcgid=null\u0026athznid=ItemCarousel_1753b8c6-c8c4-49fa-8e18-809399324bb4_items\u0026athieid=v0\u0026athstid=CS020\u0026athguid=fZ0TNvxS86RnhOIMqZXwWGGGu40sBHjwnBkn\u0026athancid=null\u0026athena=true"},{"canAddToCart":true,"showOptions":false,"badge":null,"badgeGroups":[],"badges":{"flags":null,"labels":[],"tags":[{"key":"PICKUP","text":"Pickup","id":"L1001","rank":null},{"key":"DELIVERY","text":"Delivery","id":"L1002","rank":null}],"groups":[]},"earlyAccessEvent":false,"eventAttributes":{"specialBuy":false,"priceFlip":false},"flag":"","classType":"REGULAR","fulfillmentBadges":["Pickup","Delivery"],"fulfillmentSpeed":null,"fulfillmentType":"STORE","id":"414344604","image":"https://i5.walmartimages.com/asr/df0536a5-9f8a-418f-b110-97dfbf35df3d.b56d348655f7a46539cf6c9928887056.jpeg","isEarlyAccessItem":false,"isOutOfStock":false,"maxVisibleSwatchCount":4,"name":"Josh Cellars California Rosé Wine, 750 ml","groupMetaData":null,"itemType":null,"pac":null,"offerId":"68CA0F5BF0E54D2B855422410E103D42","sellerId":"F55CDC31AB754BB68FE0B39041159D63","showSubscribe":false,"sellerName":null,"salesUnitType":"EACH","weightIncrement":1,"hasSellerBadge":null,"preOrder":{"streetDate":null,"streetDateDisplayable":null,"streetDateType":null,"isPreOrder":false,"preOrderMessage":null,"preOrderStreetDateMessage":null},"price":10.98,"priceInfo":{"linePrice":"$10.98","priceDisplayCondition":null,"unitPrice":"43.3 ¢/fl oz","priceRangeString":"","subscriptionString":"","linePriceDisplay":"$10.98","eaPricingPreText":""},"usItemId":"414344604","variantList":[],"isVariantTypeSwatch":false,"type":"REGULAR","rating":{"averageRating":4.2,"numberOfReviews":26},"sponsoredProduct":null,"isSponsoredFlag":false,"brand":"Josh Cellars","canonicalUrl":"/ip/Josh-Cellars-California-Ros-Wine-750-ml/414344604?athcpid=414344604\u0026athpgid=AthenaContentPage_8604954\u0026athcgid=null\u0026athznid=ItemCarousel_1753b8c6-c8c4-49fa-8e18-809399324bb4_items\u0026athieid=v0\u0026athstid=CS020\u0026athguid=fZ0TNvxS86RnhOIMqZXwWGGGu40sBHjwnBkn\u0026athancid=null\u0026athena=true"},{"canAddToCart":true,"showOptions":false,"badge":null,"badgeGroups":[],"badges":{"flags":null,"labels":[],"tags":[{"key":"PICKUP","text":"Pickup","id":"L1001","rank":null},{"key":"DELIVERY","text":"Delivery","id":"L1002","rank":null}],"groups":[]},"earlyAccessEvent":false,"eventAttributes":{"specialBuy":false,"priceFlip":false},"flag":"","classType":"REGULAR","fulfillmentBadges":["Pickup","Delivery"],"fulfillmentSpeed":null,"fulfillmentType":"STORE","id":"519822763","image":"https://i5.walmartimages.com/asr/8a5624a8-bdc7-4309-984a-b2e5812b93a0.55b7b8aaae8243c52546419a8fb0babe.jpeg","isEarlyAccessItem":false,"isOutOfStock":false,"maxVisibleSwatchCount":4,"name":"19 Crimes Snoop Dogg Cali Rose California Wine, 750ml Bottle, 10.5% ABV","groupMetaData":null,"itemType":null,"pac":null,"offerId":"C418F4134796484B990A19C94EEBFE93","sellerId":"F55CDC31AB754BB68FE0B39041159D63","showSubscribe":false,"sellerName":null,"salesUnitType":"EACH","weightIncrement":1,"hasSellerBadge":null,"preOrder":{"streetDate":null,"streetDateDisplayable":null,"streetDateType":null,"isPreOrder":false,"preOrderMessage":null,"preOrderStreetDateMessage":null},"price":11.98,"priceInfo":{"linePrice":"$11.98","priceDisplayCondition":null,"unitPrice":"47.2 ¢/fl oz","priceRangeString":"","subscriptionString":"","linePriceDisplay":"$11.98","eaPricingPreText":""},"usItemId":"519822763","variantList":[],"isVariantTypeSwatch":false,"type":"REGULAR","rating":{"averageRating":3.6,"numberOfReviews":5},"sponsoredProduct":null,"isSponsoredFlag":false,"brand":"19 Crimes","canonicalUrl":"/ip/19-Crimes-Snoop-Dogg-Cali-Rose-California-Wine-750ml-Bottle-10-5-ABV/519822763?athcpid=519822763\u0026athpgid=AthenaContentPage_8604954\u0026athcgid=null\u0026athznid=ItemCarousel_1753b8c6-c8c4-49fa-8e18-809399324bb4_items\u0026athieid=v0\u0026athstid=CS020\u0026athguid=fZ0TNvxS86RnhOIMqZXwWGGGu40sBHjwnBkn\u0026athancid=null\u0026athena=true"},{"canAddToCart":true,"showOptions":false,"badge":null,"badgeGroups":[],"badges":{"flags":null,"labels":[],"tags":[{"key":"PICKUP","text":"Pickup","id":"L1001","rank":null},{"key":"DELIVERY","text":"Delivery","id":"L1002","rank":null}],"groups":[]},"earlyAccessEvent":false,"eventAttributes":{"specialBuy":false,"priceFlip":false},"flag":"","classType":"REGULAR","fulfillmentBadges":["Pickup","Delivery"],"fulfillmentSpeed":null,"fulfillmentType":"STORE","id":"631594226","image":"https://i5.walmartimages.com/asr/7f405c89-d6e3-4bec-a668-ff4bdfb22785_1.5a81758bed0d8a68f9a6cd54320a34b1.jpeg","isEarlyAccessItem":false,"isOutOfStock":false,"maxVisibleSwatchCount":4,"name":"Yes Way Rosé, Southern France, 12.5% ABV, 1-750ml, Glass Bottle, 3-240ml Servings.","groupMetaData":null,"itemType":null,"pac":null,"offerId":"71E5AB97989C43178C41EF7C8C5AC4C0","sellerId":"F55CDC31AB754BB68FE0B39041159D63","showSubscribe":false,"sellerName":null,"salesUnitType":"EACH","weightIncrement":1,"hasSellerBadge":null,"preOrder":{"streetDate":null,"streetDateDisplayable":null,"streetDateType":null,"isPreOrder":false,"preOrderMessage":null,"preOrderStreetDateMessage":null},"price":13.98,"priceInfo":{"linePrice":"$13.98","priceDisplayCondition":null,"unitPrice":"55.0 ¢/fl oz","priceRangeString":"","subscriptionString":"","linePriceDisplay":"$13.98","eaPricingPreText":""},"usItemId":"631594226","variantList":[],"isVariantTypeSwatch":false,"type":"REGULAR","rating":{"averageRating":5,"numberOfReviews":3},"sponsoredProduct":null,"isSponsoredFlag":false,"brand":"Yes Way Rosé","canonicalUrl":"/ip/Yes-Way-Ros-Southern-France-12-5-ABV-1-750ml-Glass-Bottle-3-240ml-Servings/631594226?athcpid=631594226\u0026athpgid=AthenaContentPage_8604954\u0026athcgid=null\u0026athznid=ItemCarousel_1753b8c6-c8c4-49fa-8e18-809399324bb4_items\u0026athieid=v0\u0026athstid=CS020\u0026athguid=fZ0TNvxS86RnhOIMqZXwWGGGu40sBHjwnBkn\u0026athancid=null\u0026athena=true"},{"canAddToCart":true,"showOptions":false,"badge":null,"badgeGroups":[],"badges":{"flags":null,"labels":[],"tags":[{"key":"PICKUP","text":"Pickup","id":"L1001","rank":null},{"key":"DELIVERY","text":"Delivery","id":"L1002","rank":null}],"groups":[]},"earlyAccessEvent":false,"eventAttributes":{"specialBuy":false,"priceFlip":false},"flag":"","classType":"REGULAR","fulfillmentBadges":["Pickup","Delivery"],"fulfillmentSpeed":null,"fulfillmentType":"STORE","id":"858605533","image":"https://i5.walmartimages.com/asr/8c43871c-9217-416a-9fd4-cfabe7390b5e.94dce7f8ddc9e3f0e830473b2fa56c22.jpeg","isEarlyAccessItem":false,"isOutOfStock":false,"maxVisibleSwatchCount":4,"name":"Gerard Bertrand Rosé Wine, 750 ml, Bottle","groupMetaData":null,"itemType":null,"pac":null,"offerId":"FF219CDBB28547FABF7C0643E2647653","sellerId":"F55CDC31AB754BB68FE0B39041159D63","showSubscribe":false,"sellerName":null,"salesUnitType":"EACH","weightIncrement":1,"hasSellerBadge":null,"preOrder":{"streetDate":null,"streetDateDisplayable":null,"streetDateType":null,"isPreOrder":false,"preOrderMessage":null,"preOrderStreetDateMessage":null},"price":14.98,"priceInfo":{"linePrice":"$14.98","priceDisplayCondition":null,"unitPrice":"59.1 ¢/fl oz","priceRangeString":"","subscriptionString":"","linePriceDisplay":"$14.98","eaPricingPreText":""},"usItemId":"858605533","variantList":[],"isVariantTypeSwatch":false,"type":"REGULAR","rating":{"averageRating":3.9,"numberOfReviews":22},"sponsoredProduct":null,"isSponsoredFlag":false,"brand":"Gerard Bertrand","canonicalUrl":"/ip/Gerard-Bertrand-Ros-Wine-750-ml-Bottle/858605533?athcpid=858605533\u0026athpgid=AthenaContentPage_8604954\u0026athcgid=null\u0026athznid=ItemCarousel_1753b8c6-c8c4-49fa-8e18-809399324bb4_items\u0026athieid=v0\u0026athstid=CS020\u0026athguid=fZ0TNvxS86RnhOIMqZXwWGGGu40sBHjwnBkn\u0026athancid=null\u0026athena=true"},{"canAddToCart":true,"showOptions":false,"badge":{"id":"L1600","text":"Best seller","key":"BESTSELLER","type":"LABEL","rank":1,"styleId":null},"badgeGroups":[],"badges":{"flags":[{"key":"BESTSELLER","text":"Best seller","type":"LABEL","id":"L1600","rank":1,"styleId":null}],"labels":[],"tags":[{"key":"PICKUP","text":"Pickup","id":"L1001","rank":null},{"key":"DELIVERY","text":"Delivery","id":"L1002","rank":null}],"groups":[]},"earlyAccessEvent":false,"eventAttributes":{"specialBuy":false,"priceFlip":false},"flag":"Best seller","classType":"REGULAR","fulfillmentBadges":["Pickup","Delivery"],"fulfillmentSpeed":null,"fulfillmentType":"STORE","id":"834911665","image":"https://i5.walmartimages.com/asr/06bf6e07-9bb6-4edf-8243-abbee5d21ba9.dffab1bf933a6cae89caf58580b43e26.jpeg","isEarlyAccessItem":false,"isOutOfStock":false,"maxVisibleSwatchCount":4,"name":"La Marca Prosecco Rose Sparkling Wine, 750ml Glass Bottle, Product of Italy","groupMetaData":null,"itemType":null,"pac":null,"offerId":"3B48D3D0F03044D39461D34F01D35025","sellerId":"F55CDC31AB754BB68FE0B39041159D63","showSubscribe":false,"sellerName":null,"salesUnitType":"EACH","weightIncrement":1,"hasSellerBadge":null,"preOrder":{"streetDate":null,"streetDateDisplayable":null,"streetDateType":null,"isPreOrder":false,"preOrderMessage":null,"preOrderStreetDateMessage":null},"price":14.98,"priceInfo":{"linePrice":"$14.98","priceDisplayCondition":null,"unitPrice":"59.0 ¢/fl oz","priceRangeString":"","subscriptionString":"","linePriceDisplay":"$14.98","eaPricingPreText":""},"usItemId":"834911665","variantList":[],"isVariantTypeSwatch":false,"type":"REGULAR","rating":{"averageRating":4.3,"numberOfReviews":4},"sponsoredProduct":null,"isSponsoredFlag":false,"brand":"La Marca","canonicalUrl":"/ip/La-Marca-Prosecco-Rose-Sparkling-Wine-750ml-Glass-Bottle-Product-of-Italy/834911665?athcpid=834911665\u0026athpgid=AthenaContentPage_8604954\u0026athcgid=null\u0026athznid=ItemCarousel_1753b8c6-c8c4-49fa-8e18-809399324bb4_items\u0026athieid=v0\u0026athstid=CS020\u0026athguid=fZ0TNvxS86RnhOIMqZXwWGGGu40sBHjwnBkn\u0026athancid=null\u0026athena=true\u0026athbdg=L1600"},{"canAddToCart":true,"showOptions":false,"badge":null,"badgeGroups":[],"badges":{"flags":null,"labels":[],"tags":[{"key":"PICKUP","text":"Pickup","id":"L1001","rank":null},{"key":"DELIVERY","text":"Delivery","id":"L1002","rank":null}],"groups":[]},"earlyAccessEvent":false,"eventAttributes":{"specialBuy":false,"priceFlip":false},"flag":"","classType":"REGULAR","fulfillmentBadges":["Pickup","Delivery"],"fulfillmentSpeed":null,"fulfillmentType":"STORE","id":"270539982","image":"https://i5.walmartimages.com/asr/91a7df3c-d360-4fab-98e5-c73465b1951c_1.66556212c0f7ec4ea9eb98d4a5368394.jpeg","isEarlyAccessItem":false,"isOutOfStock":false,"maxVisibleSwatchCount":4,"name":"Dark Horse Rosé Wine, 750ml Glass Bottle","groupMetaData":null,"itemType":null,"pac":null,"offerId":"1A8A73ABCEB945AC9D59D7FEA77FA35F","sellerId":"F55CDC31AB754BB68FE0B39041159D63","showSubscribe":false,"sellerName":null,"salesUnitType":"EACH","weightIncrement":1,"hasSellerBadge":null,"preOrder":{"streetDate":null,"streetDateDisplayable":null,"streetDateType":null,"isPreOrder":false,"preOrderMessage":null,"preOrderStreetDateMessage":null},"price":8.48,"priceInfo":{"linePrice":"$8.48","priceDisplayCondition":null,"unitPrice":"33.4 ¢/fl oz","priceRangeString":"","subscriptionString":"","linePriceDisplay":"$8.48","eaPricingPreText":""},"usItemId":"270539982","variantList":[],"isVariantTypeSwatch":false,"type":"REGULAR","rating":{"averageRating":4.3,"numberOfReviews":35},"sponsoredProduct":null,"isSponsoredFlag":false,"brand":"Dark Horse","canonicalUrl":"/ip/Dark-Horse-Ros-Wine-750ml-Glass-Bottle/270539982?athcpid=270539982\u0026athpgid=AthenaContentPage_8604954\u0026athcgid=null\u0026athznid=ItemCarousel_1753b8c6-c8c4-49fa-8e18-809399324bb4_items\u0026athieid=v0\u0026athstid=CS020\u0026athguid=fZ0TNvxS86RnhOIMqZXwWGGGu40sBHjwnBkn\u0026athancid=null\u0026athena=true"}]}},"publishedDate":1701849996900,"moduleId":"1753b8c6-c8c4-49fa-8e18-809399324bb4","module_id":"1753b8c6-c8c4-49fa-8e18-809399324bb4","matchedTrigger":{"pageType":"ContentPage","pageId":"8604954","zone":"contentZone13","inheritable":false}},{"name":"La March-1-2SKU-Web-YC-12.4","type":"StockKeepingUnit","version":4,"status":"published","schedule":{"start":null,"end":"2023-12-30T10:25Z","priority":1,"expEnabled":false},"triggers":[{"pageType":"ContentPage","pageId":"8604954","zone":"contentZone20","inheritable":false}],"configs":{"__typename":"TempoWM_GLASSWWWStockKeepingUnitConfigs","oneAndTwoSkuCtaLink":{"title":"Shop now","linkText":"Shop now","clickThrough":{"rawValue":"https://www.walmart.com/cp/la-marca/1267392?povid=976759_1SKUand2SKU_8604954_GifttheBest_Shopnow_Rweb_Dec_6","tag":null,"type":"url","value":"https://www.walmart.com/cp/la-marca/1267392?povid=976759_1SKUand2SKU_8604954_GifttheBest_Shopnow_Rweb_Dec_6"}},"oneAndTwoSkuImage":{"alt":"Host and Toast with the best.Grab La Marca for your holiday celebration today! Shop now","title":"WM LAM POV Banners_838 x 470 vB","src":"https://i5.walmartimages.com/dfw/4ff9c6c9-7248/k2-_80076b66-b53b-4bc1-88c0-99f967521dca.v1.jpg","uid":"U1HhGhYh","assetId":"WM LAM POV Banners_838 x 470 vB.jpg","assetName":"WM LAM POV Banners_838 x 470 vB.jpg","clickThrough":null},"imageAlignment":"right","items":["122347458","834911665","162244320","942520904"],"products":[{"canAddToCart":true,"showOptions":false,"badge":null,"badgeGroups":[],"badges":{"flags":[],"labels":null,"tags":[]},"flag":"","classType":"REGULAR","fulfillmentBadges":[],"fulfillmentSpeed":null,"fulfillmentType":"STORE","id":"122347458","image":"https://i5.walmartimages.com/seo/La-Marca-Prosecco-Sparkling-Wine-750ml-Glass-Bottle-Product-of-Italy_1f05f8b1-1078-4a56-a910-a63f82a01e85_1.7821bc09b28c532952352a9563ff5228.jpeg","isOutOfStock":false,"maxVisibleSwatchCount":4,"name":"La Marca Prosecco Sparkling Wine, 750ml Glass Bottle, Product of Italy","offerId":"5C04195C4C2E40B2A909876B41B6433E","showSubscribe":false,"salesUnitType":"EACH","weightIncrement":1,"preOrder":null,"price":14.98,"priceInfo":{"linePrice":"$14.98","priceDisplayCondition":null,"unitPrice":"59.0 ¢/fl oz","minPriceForVariant":null,"priceRangeString":"","subscriptionString":"","linePriceDisplay":"$14.98","eaPricingPreText":""},"usItemId":"122347458","variantList":[],"isVariantTypeSwatch":false,"type":"REGULAR","rating":{"averageRating":4.8,"numberOfReviews":392},"sponsoredProduct":null,"isSponsoredFlag":false,"brand":"La Marca","canonicalUrl":"/ip/La-Marca-Prosecco-Sparkling-Wine-750ml-Glass-Bottle-Product-of-Italy/122347458"},{"canAddToCart":true,"showOptions":false,"badge":null,"badgeGroups":[],"badges":{"flags":[],"labels":null,"tags":[]},"flag":"","classType":"REGULAR","fulfillmentBadges":[],"fulfillmentSpeed":null,"fulfillmentType":"STORE","id":"834911665","image":"https://i5.walmartimages.com/seo/La-Marca-Prosecco-Rose-Sparkling-Wine-750ml-Glass-Bottle-Product-of-Italy_06bf6e07-9bb6-4edf-8243-abbee5d21ba9.dffab1bf933a6cae89caf58580b43e26.jpeg","isOutOfStock":false,"maxVisibleSwatchCount":4,"name":"La Marca Prosecco Rose Sparkling Wine, 750ml Glass Bottle, Product of Italy","offerId":"3B48D3D0F03044D39461D34F01D35025","showSubscribe":false,"salesUnitType":"EACH","weightIncrement":1,"preOrder":null,"price":14.98,"priceInfo":{"linePrice":"$14.98","priceDisplayCondition":null,"unitPrice":"59.0 ¢/fl oz","minPriceForVariant":null,"priceRangeString":"","subscriptionString":"","linePriceDisplay":"$14.98","eaPricingPreText":""},"usItemId":"834911665","variantList":[],"isVariantTypeSwatch":false,"type":"REGULAR","rating":{"averageRating":4.3,"numberOfReviews":4},"sponsoredProduct":null,"isSponsoredFlag":false,"brand":"La Marca","canonicalUrl":"/ip/La-Marca-Prosecco-Rose-Sparkling-Wine-750ml-Glass-Bottle-Product-of-Italy/834911665"},{"canAddToCart":false,"showOptions":false,"badge":null,"badgeGroups":[],"badges":{"flags":[],"labels":null,"tags":[]},"flag":"","classType":"REGULAR","fulfillmentBadges":[],"fulfillmentSpeed":null,"fulfillmentType":"FC","id":"162244320","image":"https://i5.walmartimages.com/seo/La-Marca-Prosecco-Italian-Sparkling-White-Wine-187ml-Glass-Bottle_4fe9c0b7-f08c-49f8-b8bd-f93de6d84df2_1.fb6084c3388d70ec12c887286f4108dd.jpeg","isOutOfStock":true,"maxVisibleSwatchCount":4,"name":"La Marca Prosecco Italian Sparkling White Wine 187ml Glass Bottle","offerId":"CDA33C66B4024713A9876A4F0262EE0A","showSubscribe":false,"salesUnitType":"EACH","weightIncrement":1,"preOrder":null,"price":7.48,"priceInfo":{"linePrice":"$7.48","priceDisplayCondition":null,"unitPrice":"$1.18/fl oz","minPriceForVariant":null,"priceRangeString":"","subscriptionString":"","linePriceDisplay":"$7.48","eaPricingPreText":""},"usItemId":"162244320","variantList":[],"isVariantTypeSwatch":false,"type":"REGULAR","rating":{"averageRating":4.8,"numberOfReviews":261},"sponsoredProduct":null,"isSponsoredFlag":false,"brand":"La Marca","canonicalUrl":"/ip/La-Marca-Prosecco-Italian-Sparkling-White-Wine-187ml-Glass-Bottle/162244320"},{"canAddToCart":false,"showOptions":false,"badge":null,"badgeGroups":[],"badges":{"flags":[],"labels":null,"tags":[]},"flag":"","classType":"REGULAR","fulfillmentBadges":[],"fulfillmentSpeed":null,"fulfillmentType":null,"id":"942520904","image":"https://i5.walmartimages.com/seo/La-Marca-Prosecco-Italian-Sparkling-White-Wine-375ml-Glass-Bottle-Product-of-Italy_0dedfc77-5084-460b-88cc-0ed3707822a6_1.cd87d63f255e6a147beb7c2e79066986.jpeg","isOutOfStock":true,"maxVisibleSwatchCount":4,"name":"La Marca Prosecco Italian Sparkling White Wine, 375ml Glass Bottle, Product of Italy","offerId":null,"showSubscribe":false,"salesUnitType":"EACH","weightIncrement":1,"preOrder":null,"price":0,"priceInfo":{"priceDisplayCondition":null,"minPriceForVariant":null,"priceRangeString":"","subscriptionString":"","eaPricingPreText":""},"usItemId":"942520904","variantList":[],"isVariantTypeSwatch":false,"type":"REGULAR","rating":{"averageRating":4.8,"numberOfReviews":207},"sponsoredProduct":null,"isSponsoredFlag":false,"brand":"La Marca","canonicalUrl":"/ip/La-Marca-Prosecco-Italian-Sparkling-White-Wine-375ml-Glass-Bottle-Product-of-Italy/942520904"}],"subCopy":"Grab La Marca for your holiday celebration today!","title":"Host and Toast with the best."},"publishedDate":1703414117331,"moduleId":"feddacd4-27e7-4bd7-b57b-99a782340ace","module_id":"feddacd4-27e7-4bd7-b57b-99a782340ace","matchedTrigger":{"pageType":"ContentPage","pageId":"8604954","zone":"contentZone20","inheritable":false}},{"name":"Light red wines carousel - TLP - Web - 12.09","type":"ItemCarousel","version":14,"status":"published","schedule":{"start":null,"end":null,"priority":1,"expEnabled":false},"triggers":[{"pageType":"ContentPage","pageId":"8604954","zone":"contentZone15","inheritable":false}],"configs":{"__typename":"TempoWM_GLASSWWWItemCarouselConfigsV1","type":null,"title":"Light red wines","subTitle":null,"viewAllLink":{"linkText":"View all","title":"View all","clickThrough":{"type":"url","value":"https://www.walmart.com/browse/food/red-blend/976759_2975985_8604954_5084212_4968411?povid=976759_itemcarousel_8604954_Lightredwines_Viewall_Rweb_Dec_6"}},"spBeaconInfo":null,"tileOptions":null,"productsConfig":{"products":[{"canAddToCart":true,"showOptions":false,"badge":null,"badgeGroups":[],"badges":{"flags":null,"labels":[],"tags":[{"key":"PICKUP","text":"Pickup","id":"L1001","rank":null},{"key":"DELIVERY","text":"Delivery","id":"L1002","rank":null}],"groups":[]},"earlyAccessEvent":false,"eventAttributes":{"specialBuy":false,"priceFlip":false},"flag":"","classType":"REGULAR","fulfillmentBadges":["Pickup","Delivery"],"fulfillmentSpeed":null,"fulfillmentType":"STORE","id":"119704644","image":"https://i5.walmartimages.com/asr/adefc2a5-180a-48bc-b954-843c5763a4b1.e7611fa0a806313a4d239f4b50222441.jpeg","isEarlyAccessItem":false,"isOutOfStock":false,"maxVisibleSwatchCount":4,"name":"Stella Rosa Black Semi-Sweet Red Wine, 750ml Glass Bottle, Piedmont Italy, Serving Size 6oz","groupMetaData":null,"itemType":null,"pac":null,"offerId":"50B0C7CB2CA34F59B1E6E48CD3A5E225","sellerId":"F55CDC31AB754BB68FE0B39041159D63","showSubscribe":false,"sellerName":null,"salesUnitType":"EACH","weightIncrement":1,"hasSellerBadge":null,"preOrder":{"streetDate":null,"streetDateDisplayable":null,"streetDateType":null,"isPreOrder":false,"preOrderMessage":null,"preOrderStreetDateMessage":null},"price":10.98,"priceInfo":{"linePrice":"$10.98","priceDisplayCondition":null,"unitPrice":"43.3 ¢/fl oz","priceRangeString":"","subscriptionString":"","linePriceDisplay":"$10.98","eaPricingPreText":""},"usItemId":"119704644","variantList":[],"isVariantTypeSwatch":false,"type":"REGULAR","rating":{"averageRating":4.8,"numberOfReviews":1218},"sponsoredProduct":null,"isSponsoredFlag":false,"brand":"Stella Rosa","canonicalUrl":"/ip/Stella-Rosa-Black-Semi-Sweet-Red-Wine-750ml-Glass-Bottle-Piedmont-Italy-Serving-Size-6oz/119704644?athcpid=119704644\u0026athpgid=AthenaContentPage_8604954\u0026athcgid=null\u0026athznid=ItemCarousel_1b50db53-f315-4110-8d8a-52c8e951058a_items\u0026athieid=v0\u0026athstid=CS020\u0026athguid=fZ0TNvxS86RnhOIMqZXwWGGGu40sBHjwnBkn\u0026athancid=null\u0026athena=true"},{"canAddToCart":true,"showOptions":false,"badge":{"id":"L1600","text":"Best seller","key":"BESTSELLER","type":"LABEL","rank":1,"styleId":null},"badgeGroups":[],"badges":{"flags":[{"key":"BESTSELLER","text":"Best seller","type":"LABEL","id":"L1600","rank":1,"styleId":null}],"labels":[],"tags":[{"key":"PICKUP","text":"Pickup","id":"L1001","rank":null},{"key":"DELIVERY","text":"Delivery","id":"L1002","rank":null}],"groups":[]},"earlyAccessEvent":false,"eventAttributes":{"specialBuy":false,"priceFlip":false},"flag":"Best seller","classType":"REGULAR","fulfillmentBadges":["Pickup","Delivery"],"fulfillmentSpeed":null,"fulfillmentType":"STORE","id":"186513351","image":"https://i5.walmartimages.com/asr/057004a2-33a2-44cc-867c-6206af8bce57.2b6fbb58c55a00efce00541b36e2d492.jpeg","isEarlyAccessItem":false,"isOutOfStock":false,"maxVisibleSwatchCount":4,"name":"Apothic Red, Red Wine Blend, California, 750ml Glass Bottle","groupMetaData":null,"itemType":null,"pac":null,"offerId":"1C8446CBE6A7478FB499504B597D38F6","sellerId":"F55CDC31AB754BB68FE0B39041159D63","showSubscribe":false,"sellerName":null,"salesUnitType":"EACH","weightIncrement":1,"hasSellerBadge":null,"preOrder":{"streetDate":null,"streetDateDisplayable":null,"streetDateType":null,"isPreOrder":false,"preOrderMessage":null,"preOrderStreetDateMessage":null},"price":9.98,"priceInfo":{"linePrice":"$9.98","priceDisplayCondition":null,"unitPrice":"39.4 ¢/fl oz","priceRangeString":"","subscriptionString":"","linePriceDisplay":"$9.98","eaPricingPreText":""},"usItemId":"186513351","variantList":[],"isVariantTypeSwatch":false,"type":"REGULAR","rating":{"averageRating":4.4,"numberOfReviews":1959},"sponsoredProduct":null,"isSponsoredFlag":false,"brand":"Apothic","canonicalUrl":"/ip/Apothic-Red-Red-Wine-Blend-California-750ml-Glass-Bottle/186513351?athcpid=186513351\u0026athpgid=AthenaContentPage_8604954\u0026athcgid=null\u0026athznid=ItemCarousel_1b50db53-f315-4110-8d8a-52c8e951058a_items\u0026athieid=v0\u0026athstid=CS020\u0026athguid=fZ0TNvxS86RnhOIMqZXwWGGGu40sBHjwnBkn\u0026athancid=null\u0026athena=true\u0026athbdg=L1600"},{"canAddToCart":true,"showOptions":false,"badge":{"id":"L1600","text":"Best seller","key":"BESTSELLER","type":"LABEL","rank":1,"styleId":null},"badgeGroups":[],"badges":{"flags":[{"key":"BESTSELLER","text":"Best seller","type":"LABEL","id":"L1600","rank":1,"styleId":null}],"labels":[],"tags":[{"key":"PICKUP","text":"Pickup","id":"L1001","rank":null},{"key":"DELIVERY","text":"Delivery","id":"L1002","rank":null}],"groups":[]},"earlyAccessEvent":false,"eventAttributes":{"specialBuy":false,"priceFlip":false},"flag":"Best seller","classType":"REGULAR","fulfillmentBadges":["Pickup","Delivery"],"fulfillmentSpeed":null,"fulfillmentType":"STORE","id":"149767860","image":"https://i5.walmartimages.com/asr/ab949111-5b2c-408a-a4c1-69bc81615eda.9dfad6896db479d3e4779544d8367317.jpeg","isEarlyAccessItem":false,"isOutOfStock":false,"maxVisibleSwatchCount":4,"name":"Apothic Crush Red Wine Blend, California, 750ml Glass Bottle","groupMetaData":null,"itemType":null,"pac":null,"offerId":"1A9A0FDD3C8B46FEA89DE0B1E042194A","sellerId":"F55CDC31AB754BB68FE0B39041159D63","showSubscribe":false,"sellerName":null,"salesUnitType":"EACH","weightIncrement":1,"hasSellerBadge":null,"preOrder":{"streetDate":null,"streetDateDisplayable":null,"streetDateType":null,"isPreOrder":false,"preOrderMessage":null,"preOrderStreetDateMessage":null},"price":9.98,"priceInfo":{"linePrice":"$9.98","priceDisplayCondition":null,"unitPrice":"39.4 ¢/fl oz","priceRangeString":"","subscriptionString":"","linePriceDisplay":"$9.98","eaPricingPreText":""},"usItemId":"149767860","variantList":[],"isVariantTypeSwatch":false,"type":"REGULAR","rating":{"averageRating":4.5,"numberOfReviews":406},"sponsoredProduct":null,"isSponsoredFlag":false,"brand":"Apothic","canonicalUrl":"/ip/Apothic-Crush-Red-Wine-Blend-California-750ml-Glass-Bottle/149767860?athcpid=149767860\u0026athpgid=AthenaContentPage_8604954\u0026athcgid=null\u0026athznid=ItemCarousel_1b50db53-f315-4110-8d8a-52c8e951058a_items\u0026athieid=v0\u0026athstid=CS020\u0026athguid=fZ0TNvxS86RnhOIMqZXwWGGGu40sBHjwnBkn\u0026athancid=null\u0026athena=true\u0026athbdg=L1600"},{"canAddToCart":true,"showOptions":false,"badge":{"id":"L1600","text":"Best seller","key":"BESTSELLER","type":"LABEL","rank":1,"styleId":null},"badgeGroups":[],"badges":{"flags":[{"key":"BESTSELLER","text":"Best seller","type":"LABEL","id":"L1600","rank":1,"styleId":null}],"labels":[],"tags":[{"key":"PICKUP","text":"Pickup","id":"L1001","rank":null},{"key":"DELIVERY","text":"Delivery","id":"L1002","rank":null}],"groups":[]},"earlyAccessEvent":false,"eventAttributes":{"specialBuy":false,"priceFlip":false},"flag":"Best seller","classType":"REGULAR","fulfillmentBadges":["Pickup","Delivery"],"fulfillmentSpeed":null,"fulfillmentType":"STORE","id":"270088137","image":"https://i5.walmartimages.com/asr/1683270d-fc3d-43dd-9e68-f2046e913cdf.024f2ab03708ed5dee8b87ae93c2eb86.jpeg","isEarlyAccessItem":false,"isOutOfStock":false,"maxVisibleSwatchCount":4,"name":"19 Crimes Snoop Dogg Cali Red California Red Wine, 750ml Bottle, 14.1% ABV","groupMetaData":null,"itemType":null,"pac":null,"offerId":"803C344A3B4C4E088ED488D05C45E554","sellerId":"F55CDC31AB754BB68FE0B39041159D63","showSubscribe":false,"sellerName":null,"salesUnitType":"EACH","weightIncrement":1,"hasSellerBadge":null,"preOrder":{"streetDate":null,"streetDateDisplayable":null,"streetDateType":null,"isPreOrder":false,"preOrderMessage":null,"preOrderStreetDateMessage":null},"price":11.98,"priceInfo":{"linePrice":"$11.98","priceDisplayCondition":null,"unitPrice":"47.2 ¢/fl oz","priceRangeString":"","subscriptionString":"","linePriceDisplay":"$11.98","eaPricingPreText":""},"usItemId":"270088137","variantList":[],"isVariantTypeSwatch":false,"type":"REGULAR","rating":{"averageRating":4.7,"numberOfReviews":25},"sponsoredProduct":null,"isSponsoredFlag":false,"brand":"19 Crimes","canonicalUrl":"/ip/19-Crimes-Snoop-Dogg-Cali-Red-California-Red-Wine-750ml-Bottle-14-1-ABV/270088137?athcpid=270088137\u0026athpgid=AthenaContentPage_8604954\u0026athcgid=null\u0026athznid=ItemCarousel_1b50db53-f315-4110-8d8a-52c8e951058a_items\u0026athieid=v0\u0026athstid=CS020\u0026athguid=fZ0TNvxS86RnhOIMqZXwWGGGu40sBHjwnBkn\u0026athancid=null\u0026athena=true\u0026athbdg=L1600"},{"canAddToCart":true,"showOptions":false,"badge":{"id":"L1600","text":"Best seller","key":"BESTSELLER","type":"LABEL","rank":1,"styleId":null},"badgeGroups":[],"badges":{"flags":[{"key":"BESTSELLER","text":"Best seller","type":"LABEL","id":"L1600","rank":1,"styleId":null}],"labels":[],"tags":[{"key":"PICKUP","text":"Pickup","id":"L1001","rank":null},{"key":"DELIVERY","text":"Delivery","id":"L1002","rank":null}],"groups":[]},"earlyAccessEvent":false,"eventAttributes":{"specialBuy":false,"priceFlip":false},"flag":"Best seller","classType":"REGULAR","fulfillmentBadges":["Pickup","Delivery"],"fulfillmentSpeed":null,"fulfillmentType":"STORE","id":"187135168","image":"https://i5.walmartimages.com/asr/fce16a50-1867-4289-b589-d4ccfa158ac5.2d6cbb60e11817329b483eeb94526269.jpeg","isEarlyAccessItem":false,"isOutOfStock":false,"maxVisibleSwatchCount":4,"name":"19 Crimes Red Wine, Australia, 14% ABV, 750ml Glass Bottle, 5-150ml Servings","groupMetaData":null,"itemType":null,"pac":null,"offerId":"A774288F6AE54ADD9258500B1C62FE3C","sellerId":"F55CDC31AB754BB68FE0B39041159D63","showSubscribe":false,"sellerName":null,"salesUnitType":"EACH","weightIncrement":1,"hasSellerBadge":null,"preOrder":{"streetDate":null,"streetDateDisplayable":null,"streetDateType":null,"isPreOrder":false,"preOrderMessage":null,"preOrderStreetDateMessage":null},"price":8.98,"priceInfo":{"linePrice":"$8.98","priceDisplayCondition":null,"unitPrice":"35.4 ¢/fl oz","priceRangeString":"","subscriptionString":"","linePriceDisplay":"$8.98","eaPricingPreText":""},"usItemId":"187135168","variantList":[],"isVariantTypeSwatch":false,"type":"REGULAR","rating":{"averageRating":4.8,"numberOfReviews":42},"sponsoredProduct":null,"isSponsoredFlag":false,"brand":"19 Crimes","canonicalUrl":"/ip/19-Crimes-Red-Wine-Australia-14-ABV-750ml-Glass-Bottle-5-150ml-Servings/187135168?athcpid=187135168\u0026athpgid=AthenaContentPage_8604954\u0026athcgid=null\u0026athznid=ItemCarousel_1b50db53-f315-4110-8d8a-52c8e951058a_items\u0026athieid=v0\u0026athstid=CS020\u0026athguid=fZ0TNvxS86RnhOIMqZXwWGGGu40sBHjwnBkn\u0026athancid=null\u0026athena=true\u0026athbdg=L1600"},{"canAddToCart":true,"showOptions":false,"badge":{"id":"L1600","text":"Best seller","key":"BESTSELLER","type":"LABEL","rank":1,"styleId":null},"badgeGroups":[],"badges":{"flags":[{"key":"BESTSELLER","text":"Best seller","type":"LABEL","id":"L1600","rank":1,"styleId":null}],"labels":[],"tags":[{"key":"PICKUP","text":"Pickup","id":"L1001","rank":null},{"key":"DELIVERY","text":"Delivery","id":"L1002","rank":null}],"groups":[]},"earlyAccessEvent":false,"eventAttributes":{"specialBuy":false,"priceFlip":false},"flag":"Best seller","classType":"REGULAR","fulfillmentBadges":["Pickup","Delivery"],"fulfillmentSpeed":null,"fulfillmentType":"STORE","id":"54333753","image":"https://i5.walmartimages.com/asr/90195e9f-cce2-4bf2-8af9-12683d1df8a7.7a9cdc66ffe06d66a9dc38709ddc6351.jpeg","isEarlyAccessItem":false,"isOutOfStock":false,"maxVisibleSwatchCount":4,"name":"Oak Leaf Vineyards Red Blend Wine, 750 ml Glass, ABV 9.00%","groupMetaData":null,"itemType":null,"pac":null,"offerId":"BC2D678D246649089D8C38461F69BEC5","sellerId":"F55CDC31AB754BB68FE0B39041159D63","showSubscribe":false,"sellerName":null,"salesUnitType":"EACH","weightIncrement":1,"hasSellerBadge":null,"preOrder":{"streetDate":null,"streetDateDisplayable":null,"streetDateType":null,"isPreOrder":false,"preOrderMessage":null,"preOrderStreetDateMessage":null},"price":3.46,"priceInfo":{"linePrice":"$3.46","priceDisplayCondition":null,"unitPrice":"13.6 ¢/oz","priceRangeString":"","subscriptionString":"","linePriceDisplay":"$3.46","eaPricingPreText":""},"usItemId":"54333753","variantList":[],"isVariantTypeSwatch":false,"type":"REGULAR","rating":{"averageRating":4.9,"numberOfReviews":14},"sponsoredProduct":null,"isSponsoredFlag":false,"brand":"Oak Leaf Vineyards","canonicalUrl":"/ip/Oak-Leaf-Vineyards-Red-Blend-Wine-750-ml-Glass-ABV-9-00/54333753?athcpid=54333753\u0026athpgid=AthenaContentPage_8604954\u0026athcgid=null\u0026athznid=ItemCarousel_1b50db53-f315-4110-8d8a-52c8e951058a_items\u0026athieid=v0\u0026athstid=CS020\u0026athguid=fZ0TNvxS86RnhOIMqZXwWGGGu40sBHjwnBkn\u0026athancid=null\u0026athena=true\u0026athbdg=L1600"},{"canAddToCart":true,"showOptions":false,"badge":{"id":"L1600","text":"Best seller","key":"BESTSELLER","type":"LABEL","rank":1,"styleId":null},"badgeGroups":[],"badges":{"flags":[{"key":"BESTSELLER","text":"Best seller","type":"LABEL","id":"L1600","rank":1,"styleId":null}],"labels":[],"tags":[{"key":"PICKUP","text":"Pickup","id":"L1001","rank":null},{"key":"DELIVERY","text":"Delivery","id":"L1002","rank":null}],"groups":[]},"earlyAccessEvent":false,"eventAttributes":{"specialBuy":false,"priceFlip":false},"flag":"Best seller","classType":"REGULAR","fulfillmentBadges":["Pickup","Delivery"],"fulfillmentSpeed":null,"fulfillmentType":"STORE","id":"156234333","image":"https://i5.walmartimages.com/asr/3fc0d0ad-6f9d-47e5-9eab-477d389b38c4.b42c1b0b73ef88653bb3070755270546.jpeg","isEarlyAccessItem":false,"isOutOfStock":false,"maxVisibleSwatchCount":4,"name":"Josh Cellars California Pinot Noir Red Wine, 750 ml","groupMetaData":null,"itemType":null,"pac":null,"offerId":"9E8ECF9975B144D1AF46E205EC027AFD","sellerId":"F55CDC31AB754BB68FE0B39041159D63","showSubscribe":false,"sellerName":null,"salesUnitType":"EACH","weightIncrement":1,"hasSellerBadge":null,"preOrder":{"streetDate":null,"streetDateDisplayable":null,"streetDateType":null,"isPreOrder":false,"preOrderMessage":null,"preOrderStreetDateMessage":null},"price":15.27,"priceInfo":{"linePrice":"$15.27","priceDisplayCondition":null,"unitPrice":"60.1 ¢/fl oz","priceRangeString":"","subscriptionString":"","linePriceDisplay":"$15.27","eaPricingPreText":""},"usItemId":"156234333","variantList":[],"isVariantTypeSwatch":false,"type":"REGULAR","rating":{"averageRating":4.4,"numberOfReviews":23},"sponsoredProduct":null,"isSponsoredFlag":false,"brand":"Josh Cellars","canonicalUrl":"/ip/Josh-Cellars-California-Pinot-Noir-Red-Wine-750-ml/156234333?athcpid=156234333\u0026athpgid=AthenaContentPage_8604954\u0026athcgid=null\u0026athznid=ItemCarousel_1b50db53-f315-4110-8d8a-52c8e951058a_items\u0026athieid=v0\u0026athstid=CS020\u0026athguid=fZ0TNvxS86RnhOIMqZXwWGGGu40sBHjwnBkn\u0026athancid=null\u0026athena=true\u0026athbdg=L1600"},{"canAddToCart":true,"showOptions":false,"badge":null,"badgeGroups":[],"badges":{"flags":null,"labels":[],"tags":[{"key":"PICKUP","text":"Pickup","id":"L1001","rank":null},{"key":"DELIVERY","text":"Delivery","id":"L1002","rank":null}],"groups":[]},"earlyAccessEvent":false,"eventAttributes":{"specialBuy":false,"priceFlip":false},"flag":"","classType":"REGULAR","fulfillmentBadges":["Pickup","Delivery"],"fulfillmentSpeed":null,"fulfillmentType":"STORE","id":"206112457","image":"https://i5.walmartimages.com/asr/f59256af-e884-4c1f-9471-b087b2499797.baf89ef5f7f898ba59efaca27e0a9140.jpeg","isEarlyAccessItem":false,"isOutOfStock":false,"maxVisibleSwatchCount":4,"name":"Winemakers Selection Red Blend Red Wine, 2018, 750 ml","groupMetaData":null,"itemType":null,"pac":null,"offerId":"1FFC37070B6E4D668ED3F8970EB1542E","sellerId":"F55CDC31AB754BB68FE0B39041159D63","showSubscribe":false,"sellerName":null,"salesUnitType":"EACH","weightIncrement":1,"hasSellerBadge":null,"preOrder":{"streetDate":null,"streetDateDisplayable":null,"streetDateType":null,"isPreOrder":false,"preOrderMessage":null,"preOrderStreetDateMessage":null},"price":4.96,"priceInfo":{"linePrice":"$4.96","priceDisplayCondition":null,"unitPrice":"0.7 ¢/mililiters","priceRangeString":"","subscriptionString":"","linePriceDisplay":"$4.96","eaPricingPreText":""},"usItemId":"206112457","variantList":[],"isVariantTypeSwatch":false,"type":"REGULAR","rating":{"averageRating":3.6,"numberOfReviews":11},"sponsoredProduct":null,"isSponsoredFlag":false,"brand":"Winemakers Selection","canonicalUrl":"/ip/Winemakers-Selection-Red-Blend-Red-Wine-2018-750-ml/206112457?athcpid=206112457\u0026athpgid=AthenaContentPage_8604954\u0026athcgid=null\u0026athznid=ItemCarousel_1b50db53-f315-4110-8d8a-52c8e951058a_items\u0026athieid=v0\u0026athstid=CS020\u0026athguid=fZ0TNvxS86RnhOIMqZXwWGGGu40sBHjwnBkn\u0026athancid=null\u0026athena=true"},{"canAddToCart":true,"showOptions":false,"badge":{"id":"L1600","text":"Best seller","key":"BESTSELLER","type":"LABEL","rank":1,"styleId":null},"badgeGroups":[],"badges":{"flags":[{"key":"BESTSELLER","text":"Best seller","type":"LABEL","id":"L1600","rank":1,"styleId":null}],"labels":[],"tags":[{"key":"PICKUP","text":"Pickup","id":"L1001","rank":null},{"key":"DELIVERY","text":"Delivery","id":"L1002","rank":null}],"groups":[]},"earlyAccessEvent":false,"eventAttributes":{"specialBuy":false,"priceFlip":false},"flag":"Best seller","classType":"REGULAR","fulfillmentBadges":["Pickup","Delivery"],"fulfillmentSpeed":null,"fulfillmentType":"STORE","id":"14053301","image":"https://i5.walmartimages.com/asr/8f866992-e6c3-4b71-8960-e45ac4527283.631b48aafd51213c708d5d98f600b6c2.jpeg","isEarlyAccessItem":false,"isOutOfStock":false,"maxVisibleSwatchCount":4,"name":"Menage a Trois California Red Blend Red Wine, 750 ml Bottle","groupMetaData":null,"itemType":null,"pac":null,"offerId":"19C267BEA5E84B9184EB897C966C86F7","sellerId":"F55CDC31AB754BB68FE0B39041159D63","showSubscribe":false,"sellerName":null,"salesUnitType":"EACH","weightIncrement":1,"hasSellerBadge":null,"preOrder":{"streetDate":null,"streetDateDisplayable":null,"streetDateType":null,"isPreOrder":false,"preOrderMessage":null,"preOrderStreetDateMessage":null},"price":8.98,"priceInfo":{"linePrice":"$8.98","priceDisplayCondition":null,"unitPrice":"35.4 ¢/fl oz","priceRangeString":"","subscriptionString":"","linePriceDisplay":"$8.98","eaPricingPreText":""},"usItemId":"14053301","variantList":[],"isVariantTypeSwatch":false,"type":"REGULAR","rating":{"averageRating":4.6,"numberOfReviews":140},"sponsoredProduct":null,"isSponsoredFlag":false,"brand":"Menage a Trois","canonicalUrl":"/ip/Menage-a-Trois-California-Red-Blend-Red-Wine-750-ml-Bottle/14053301?athcpid=14053301\u0026athpgid=AthenaContentPage_8604954\u0026athcgid=null\u0026athznid=ItemCarousel_1b50db53-f315-4110-8d8a-52c8e951058a_items\u0026athieid=v0\u0026athstid=CS020\u0026athguid=fZ0TNvxS86RnhOIMqZXwWGGGu40sBHjwnBkn\u0026athancid=null\u0026athena=true\u0026athbdg=L1600"},{"canAddToCart":true,"showOptions":false,"badge":null,"badgeGroups":[],"badges":{"flags":null,"labels":[],"tags":[{"key":"PICKUP","text":"Pickup","id":"L1001","rank":null},{"key":"DELIVERY","text":"Delivery","id":"L1002","rank":null}],"groups":[]},"earlyAccessEvent":false,"eventAttributes":{"specialBuy":false,"priceFlip":false},"flag":"","classType":"REGULAR","fulfillmentBadges":["Pickup","Delivery"],"fulfillmentSpeed":null,"fulfillmentType":"STORE","id":"195593862","image":"https://i5.walmartimages.com/asr/d3bc20d1-cc75-4b2a-abf2-73e5ce134e27.7fe1dc0cd4d7018b6e5a226a0d416daf.jpeg","isEarlyAccessItem":false,"isOutOfStock":false,"maxVisibleSwatchCount":4,"name":"14 Hands Columbia Valley Hot to Trot Red Blend Wine, 750 ml Bottle, 14.5% ABV","groupMetaData":null,"itemType":null,"pac":null,"offerId":"D8F208C353914C3A837BEE563D42D719","sellerId":"F55CDC31AB754BB68FE0B39041159D63","showSubscribe":false,"sellerName":null,"salesUnitType":"EACH","weightIncrement":1,"hasSellerBadge":null,"preOrder":{"streetDate":null,"streetDateDisplayable":null,"streetDateType":null,"isPreOrder":false,"preOrderMessage":null,"preOrderStreetDateMessage":null},"price":8.98,"priceInfo":{"linePrice":"$8.98","priceDisplayCondition":null,"unitPrice":"35.5 ¢/fl oz","priceRangeString":"","subscriptionString":"","linePriceDisplay":"$8.98","eaPricingPreText":""},"usItemId":"195593862","variantList":[],"isVariantTypeSwatch":false,"type":"REGULAR","rating":{"averageRating":4.8,"numberOfReviews":53},"sponsoredProduct":null,"isSponsoredFlag":false,"brand":"14 Hands","canonicalUrl":"/ip/14-Hands-Columbia-Valley-Hot-to-Trot-Red-Blend-Wine-750-ml-Bottle-14-5-ABV/195593862?athcpid=195593862\u0026athpgid=AthenaContentPage_8604954\u0026athcgid=null\u0026athznid=ItemCarousel_1b50db53-f315-4110-8d8a-52c8e951058a_items\u0026athieid=v0\u0026athstid=CS020\u0026athguid=fZ0TNvxS86RnhOIMqZXwWGGGu40sBHjwnBkn\u0026athancid=null\u0026athena=true"}]}},"publishedDate":1701853157024,"moduleId":"1b50db53-f315-4110-8d8a-52c8e951058a","module_id":"1b50db53-f315-4110-8d8a-52c8e951058a","matchedTrigger":{"pageType":"ContentPage","pageId":"8604954","zone":"contentZone15","inheritable":false}},{"name":"Mark West Holiday-POVCards-Web-YC-11.15","type":"POVCards","version":3,"status":"published","schedule":{"start":null,"end":null,"priority":1,"expEnabled":false},"triggers":[{"pageType":"ContentPage","pageId":"8604954","zone":"contentZone14","inheritable":false}],"configs":{"__typename":"TempoWM_GLASSWWWPOVCardsConfigsV1","headingText":"Level up your holiday","viewAllLink":null,"imageAspectRatio":"regular","cardsV1":[{"headingText":"Mark West Pinot Noir","descriptionText":"Gift the #1 Pinot Noir in America this holiday season.","image":{"alt":"Mark West Pinot Noir, Gift the #1 Pinot Noir in America this holiday season. Shop now","assetId":"MKW POV Banners_838 x 470 vA.jpg","assetName":"MKW POV Banners_838 x 470 vA.jpg","src":"https://i5.walmartimages.com/dfw/4ff9c6c9-895c/k2-_14a2e79c-5f20-4551-9cc4-f14db579168a.v1.jpg","width":"838","height":"470"},"link":{"clickThrough":{"value":"https://www.walmart.com/cp/mark-west/4067319?povid=976759_2upPOVCards_8604954_Levelupyourholiday_MarkWestPinotNoir_Rweb_Dec_6"},"linkText":"Shop now"}},{"headingText":"A delightful pinot","descriptionText":"Pairs perfectly with whatever you are serving on your table.","image":{"alt":"A delightful pinot, Pairs perfectly with whatever you are serving on your table. Shop now","assetId":"MKW POV Banners_838 x 470 vB.jpg","assetName":"MKW POV Banners_838 x 470 vB.jpg","src":"https://i5.walmartimages.com/dfw/4ff9c6c9-49ad/k2-_d6581708-3f95-49ab-911c-fd89d0c7f078.v1.jpg","width":"838","height":"470"},"link":{"clickThrough":{"value":"https://www.walmart.com/cp/mark-west/4067319?povid=976759_2upPOVCards_8604954_Levelupyourholiday_Adelightfulpinot_Rweb_Dec_6"},"linkText":"Shop now"}}]},"publishedDate":1701852880420,"moduleId":"14660cae-7476-46dd-9db4-34126bb7d3d5","module_id":"14660cae-7476-46dd-9db4-34126bb7d3d5","matchedTrigger":{"pageType":"ContentPage","pageId":"8604954","zone":"contentZone14","inheritable":false}},{"name":"New HubSpokes NxM Module, Tuesday, October 25, 2022, 5:59:57:74 pm","type":"HubSpokesNxM","version":6,"status":"published","schedule":{"start":null,"end":null,"priority":1,"expEnabled":false},"triggers":[{"pageType":"ContentPage","pageId":"8604954","zone":"contentZone2","inheritable":false}],"configs":{"__typename":"TempoWM_GLASSWWWHubSpokesNxMConfigs","headingText":"Shop by wine category","suppressCTA":"False","colNumber":"Four","rows4":[{"__typename":"TempoWM_GLASSWWWHubSpokesNxMConfigsRows4","categories":[{"name":"Red wine","image":{"alt":"Glass of red wine","assetId":"be151e52-35f3-4618-ab48-fd37e9dcad70","assetName":"1822419-035-FOOD-Glass-Alcohol-HUB-SPOKES-NxM-580x580-A.jpg","src":"https://i5.walmartimages.com/dfw/4ff9c6c9-3b23/k2-_c02783f3-d9ee-46e0-b52b-1f3e2648c05c.v1.jpg","clickThrough":{"value":"https://www.walmart.com/browse/food/red-wine/976759_2975985_8604954_5084212?povid=976759_hubspoke_8604954_Shopbywinetype_Redwine_Rweb_Oct_27"}}},{"name":"White wine","image":{"alt":"Glass of white wine","assetId":"4d1f2b0e-1758-464b-94a9-f0e2af16c2f2","assetName":"1822419-036-FOOD-Glass-Alcohol-HUB-SPOKES-NxM-580x580-B.jpg","src":"https://i5.walmartimages.com/dfw/4ff9c6c9-445d/k2-_fccde170-a5a4-4f46-8129-feb50f6bb490.v1.jpg","clickThrough":{"value":"https://www.walmart.com/browse/food/white-wine/976759_2975985_8604954_8749992?povid=976759_hubspoke_8604954_Shopbywinetype_Whitewine_Rweb_Oct_27"}}},{"name":"Blush \u0026 rosé wine","image":{"alt":"Glass of blush wine","assetId":"779d56b3-ebed-4046-bb30-9f1c856d5230","assetName":"1822419-037-FOOD-Glass-Alcohol-HUB-SPOKES-NxM-580x580-C.jpg","src":"https://i5.walmartimages.com/dfw/4ff9c6c9-3947/k2-_a81aad30-b47f-4c83-ab4f-4ec2820481ab.v1.jpg","clickThrough":{"value":"https://www.walmart.com/browse/food/blush-wine/976759_2975985_8604954_4693550?povid=976759_hubspoke_8604954_Shopbywinetype_Blushandrosewine_Rweb_Oct_27"}}},{"name":"Champagne \u0026 sparkling wine","image":{"alt":"Glass of sparkling wine","assetId":"f3698db2-6ac8-4305-a80e-cd0f50d45570","assetName":"1822419-038-FOOD-Glass-Alcohol-HUB-SPOKES-NxM-580x580-D.jpg","src":"https://i5.walmartimages.com/dfw/4ff9c6c9-be5b/k2-_bae3bb09-0e0d-45be-9605-965a67c43235.v1.jpg","clickThrough":{"value":"https://www.walmart.com/browse/food/sparkling-wine/976759_2975985_8604954_2790604?povid=976759_hubspoke_8604954_Shopbywinetype_Champagneandsparklingwine_Rweb_Oct_27"}}}]},{"__typename":"TempoWM_GLASSWWWHubSpokesNxMConfigsRows4","categories":[{"name":"Saké \u0026 specialty wine","image":{"alt":"Bottle of sake","assetId":"ea0d10fc-abec-4a9d-a5ee-6bc580b92acf","assetName":"1822419-040-FOOD-Glass-Alcohol-HUB-SPOKES-NxM-580x580-F.jpg","src":"https://i5.walmartimages.com/dfw/4ff9c6c9-df00/k2-_3954241d-6a24-4cb4-841f-64b96a214819.v1.jpg","clickThrough":{"value":"https://www.walmart.com/browse/specialty-wine/0/0/?_refineresult=true\u0026_be_shelf_id=8768199\u0026search_sort=100\u0026facet=shelf_id:8768199\u0026povid=976759_hubspoke_8604954_Shopbywinetype_Sakeandspecialtywine_Rweb_Oct_27"}}},{"name":"Boxed wine","image":{"alt":"Box of wine","assetId":"592bce22-7c3e-4959-84ec-ed15c65a76b9","assetName":"1822419-041-FOOD-Glass-Alcohol-HUB-SPOKES-NxM-580x580-A.jpg","src":"https://i5.walmartimages.com/dfw/4ff9c6c9-82f9/k2-_921984c8-f977-4bb6-a8eb-5b4316fe5a47.v1.jpg","clickThrough":{"value":"https://www.walmart.com/browse/boxed-wine/0/0/?_refineresult=true\u0026_be_shelf_id=6791951\u0026search_sort=100\u0026facet=shelf_id:6791951\u0026povid=976759_hubspoke_8604954_Shopbywinetype_Boxedwine_Rweb_Oct_27"}}},{"name":"Canned \u0026 convenience wine","image":{"alt":"Canned wine","assetId":"c22169b5-7ef0-4573-8711-340ac5285da5","assetName":"1822419-042-FOOD-Glass-Alcohol-HUB-SPOKES-NxM-580x580-B.jpg","src":"https://i5.walmartimages.com/dfw/4ff9c6c9-a444/k2-_823a7de9-ea7e-4291-9fe9-74dfdf9d4e8f.v1.jpg","clickThrough":{"value":"https://www.walmart.com/browse/convenience-wine/c2hlbGZfaWQ6Mjg2OTA2OQieie?povid=976759_hubspoke_8604954_Shopbywinetype_Cannedandconveniencewine_Rweb_Oct_27"}}},{"name":"Shop all wine","image":{"alt":"Shop all wine","assetId":"13dc15b8-0a3d-468b-b38f-68efe5a66ba2","assetName":"1822419-039-FOOD-Glass-Alcohol-HUB-SPOKES-NxM-580x580-E.jpg","src":"https://i5.walmartimages.com/dfw/4ff9c6c9-39e7/k2-_f4dfeebb-bd55-4f4f-8f08-1c75966bbbfd.v1.jpg","clickThrough":{"value":"https://www.walmart.com/browse/976759_2975985_8604954?povid=976759_hubspoke_8604954_Shopbywinetype_Shopallwine_Rweb_Oct_27"}}}]}],"rows6":null},"publishedDate":1698407785685,"moduleId":"edec5b18-1f86-4baa-99d3-2e066cca0468","module_id":"edec5b18-1f86-4baa-99d3-2e066cca0468","matchedTrigger":{"pageType":"ContentPage","pageId":"8604954","zone":"contentZone2","inheritable":false}},{"name":"Non Alcoholic Wine- Item Carousel Module-Web-YC-8.7","type":"ItemCarousel","version":5,"status":"published","schedule":{"start":null,"end":null,"priority":1,"expEnabled":false},"triggers":[{"pageType":"ContentPage","pageId":"8604954","zone":"contentZone22","inheritable":false}],"configs":{"__typename":"TempoWM_GLASSWWWItemCarouselConfigsV1","type":null,"title":"Non-Alcoholic wine","subTitle":null,"viewAllLink":{"linkText":"View all","title":"View all","clickThrough":{"type":"url","value":"https://www.walmart.com/browse/food/non-alcoholic-wine/976759_2975985_4158159_9234500?povid=976759_itemcarousel_8604954_NonAlcoholicwine_Viewall_Rweb_Dec_6"}},"spBeaconInfo":null,"tileOptions":null,"productsConfig":{"products":[{"canAddToCart":true,"showOptions":false,"badge":{"id":"L1600","text":"Best seller","key":"BESTSELLER","type":"LABEL","rank":1,"styleId":null},"badgeGroups":[],"badges":{"flags":[{"key":"BESTSELLER","text":"Best seller","type":"LABEL","id":"L1600","rank":1,"styleId":null}],"labels":[],"tags":[{"key":"THREE_PLUS_DAY_SHIPPING","text":"3+ day shipping","id":"L1005","rank":null}],"groups":[]},"earlyAccessEvent":false,"eventAttributes":{"specialBuy":false,"priceFlip":false},"flag":"Best seller","classType":"REGULAR","fulfillmentBadges":["3+ day shipping"],"fulfillmentSpeed":null,"fulfillmentType":"FC","id":"979537737","image":"https://i5.walmartimages.com/asr/03753e90-b91b-4152-b7a1-153cac2477e4_1.7bbfaf752e8771c09b964adc7b116987.jpeg","isEarlyAccessItem":false,"isOutOfStock":false,"maxVisibleSwatchCount":4,"name":"Ariel Cabernet Sauvignon Non-Alcoholic Red Wine 750ML","groupMetaData":null,"itemType":null,"pac":null,"unsheduled_Delivery_SLA":null,"offerId":"1D0D29444C71422CA84C5A93F49B01CB","sellerId":"F55CDC31AB754BB68FE0B39041159D63","showSubscribe":false,"sellerName":null,"salesUnitType":"EACH","weightIncrement":1,"hasSellerBadge":null,"preOrder":{"streetDate":null,"streetDateDisplayable":null,"streetDateType":null,"isPreOrder":false,"preOrderMessage":null,"preOrderStreetDateMessage":null},"price":24.57,"priceInfo":{"linePrice":"$24.57","priceDisplayCondition":null,"priceRangeString":"","subscriptionString":"","linePriceDisplay":"$24.57","eaPricingPreText":""},"usItemId":"979537737","variantList":[],"isVariantTypeSwatch":false,"type":"REGULAR","rating":{"averageRating":0,"numberOfReviews":0},"sponsoredProduct":null,"isSponsoredFlag":false,"brand":"Ariel","canonicalUrl":"/ip/Ariel-Cabernet-Sauvignon-Non-Alcoholic-Red-Wine-750ML/979537737?athcpid=979537737\u0026athpgid=AthenaContentPage_8604954\u0026athcgid=null\u0026athznid=ItemCarousel_a33497fd-8770-4519-9ec3-11b891ccf6fe_items\u0026athieid=v0\u0026athstid=CS020\u0026athguid=fZ0TNvxS86RnhOIMqZXwWGGGu40sBHjwnBkn\u0026athancid=null\u0026athena=true\u0026athbdg=L1600"},{"canAddToCart":true,"showOptions":false,"badge":null,"badgeGroups":[],"badges":{"flags":null,"labels":[],"tags":[{"key":"THREE_PLUS_DAY_SHIPPING","text":"3+ day shipping","id":"L1005","rank":null}],"groups":[]},"earlyAccessEvent":false,"eventAttributes":{"specialBuy":false,"priceFlip":false},"flag":"","classType":"REGULAR","fulfillmentBadges":["3+ day shipping"],"fulfillmentSpeed":null,"fulfillmentType":"FC","id":"591204103","image":"https://i5.walmartimages.com/asr/e4cd5388-68e2-4cd0-afee-df19cea598ea_1.c456dab3a9e4c091120e8fcecc03505f.jpeg","isEarlyAccessItem":false,"isOutOfStock":false,"maxVisibleSwatchCount":4,"name":"Ariel Chardonnay Non-alcoholic White Wine 750ml, 12 Pack","groupMetaData":null,"itemType":null,"pac":null,"unsheduled_Delivery_SLA":null,"offerId":"25B6B22E0D0B4A49BF3E1D81F2FD45CF","sellerId":"F55CDC31AB754BB68FE0B39041159D63","showSubscribe":false,"sellerName":null,"salesUnitType":"EACH","weightIncrement":1,"hasSellerBadge":null,"preOrder":{"streetDate":null,"streetDateDisplayable":null,"streetDateType":null,"isPreOrder":false,"preOrderMessage":null,"preOrderStreetDateMessage":null},"price":164.98,"priceInfo":{"linePrice":"$164.98","priceDisplayCondition":null,"priceRangeString":"","subscriptionString":"","linePriceDisplay":"$164.98","eaPricingPreText":""},"usItemId":"591204103","variantList":[],"isVariantTypeSwatch":false,"type":"REGULAR","rating":{"averageRating":0,"numberOfReviews":0},"sponsoredProduct":null,"isSponsoredFlag":false,"brand":"Ariel","canonicalUrl":"/ip/Ariel-Chardonnay-Non-alcoholic-White-Wine-750ml-12-Pack/591204103?athcpid=591204103\u0026athpgid=AthenaContentPage_8604954\u0026athcgid=null\u0026athznid=ItemCarousel_a33497fd-8770-4519-9ec3-11b891ccf6fe_items\u0026athieid=v0\u0026athstid=CS020\u0026athguid=fZ0TNvxS86RnhOIMqZXwWGGGu40sBHjwnBkn\u0026athancid=null\u0026athena=true"},{"canAddToCart":true,"showOptions":false,"badge":null,"badgeGroups":[],"badges":{"flags":null,"labels":[],"tags":[{"key":"THREE_PLUS_DAY_SHIPPING","text":"3+ day shipping","id":"L1005","rank":null}],"groups":[]},"earlyAccessEvent":false,"eventAttributes":{"specialBuy":false,"priceFlip":false},"flag":"","classType":"REGULAR","fulfillmentBadges":["3+ day shipping"],"fulfillmentSpeed":null,"fulfillmentType":"MARKETPLACE","id":"2292207741","image":"https://i5.walmartimages.com/asr/c96ffb9b-cf6a-4b56-a4bf-b8e79f29cf69.f53b4b347b2dda4482b72e22864f2326.jpeg","isEarlyAccessItem":false,"isOutOfStock":false,"maxVisibleSwatchCount":4,"name":"Starla Wines Non-Alcoholic Sauvignon Blanc","groupMetaData":null,"itemType":null,"pac":null,"unsheduled_Delivery_SLA":null,"offerId":"E0B6D9CF84E83DB0BB3652B210937FAA","sellerId":"D701FC888C65408E9152D38FCE1E13F4","showSubscribe":false,"sellerName":null,"salesUnitType":"EACH","weightIncrement":1,"hasSellerBadge":null,"preOrder":{"streetDate":null,"streetDateDisplayable":null,"streetDateType":null,"isPreOrder":false,"preOrderMessage":null,"preOrderStreetDateMessage":null},"price":19.95,"priceInfo":{"linePrice":"$19.95","priceDisplayCondition":null,"priceRangeString":"","subscriptionString":"","linePriceDisplay":"$19.95","eaPricingPreText":""},"usItemId":"2292207741","variantList":[],"isVariantTypeSwatch":false,"type":"REGULAR","rating":{"averageRating":0,"numberOfReviews":0},"sponsoredProduct":null,"isSponsoredFlag":false,"brand":"Starla Wines","canonicalUrl":"/ip/Starla-Wines-Non-Alcoholic-Sauvignon-Blanc/2292207741?athcpid=2292207741\u0026athpgid=AthenaContentPage_8604954\u0026athcgid=null\u0026athznid=ItemCarousel_a33497fd-8770-4519-9ec3-11b891ccf6fe_items\u0026athieid=v0\u0026athstid=CS020\u0026athguid=fZ0TNvxS86RnhOIMqZXwWGGGu40sBHjwnBkn\u0026athancid=null\u0026athena=true"},{"canAddToCart":true,"showOptions":false,"badge":null,"badgeGroups":[],"badges":{"flags":null,"labels":[],"tags":[{"key":"THREE_PLUS_DAY_SHIPPING","text":"3+ day shipping","id":"L1005","rank":null}],"groups":[]},"earlyAccessEvent":false,"eventAttributes":{"specialBuy":false,"priceFlip":false},"flag":"","classType":"REGULAR","fulfillmentBadges":["3+ day shipping"],"fulfillmentSpeed":null,"fulfillmentType":"MARKETPLACE","id":"3555058526","image":"https://i5.walmartimages.com/asr/0636ad4a-498d-4406-aca1-05270add1ca3.4ce7543e4a8baf31b8b80d453a19ade4.jpeg","isEarlyAccessItem":false,"isOutOfStock":false,"maxVisibleSwatchCount":4,"name":"Starla Wines Non-Alcoholic Sparkling Ros","groupMetaData":null,"itemType":null,"pac":null,"unsheduled_Delivery_SLA":null,"offerId":"86DFE34DF6B7359187C5D32A3DA00F57","sellerId":"D701FC888C65408E9152D38FCE1E13F4","showSubscribe":false,"sellerName":null,"salesUnitType":"EACH","weightIncrement":1,"hasSellerBadge":null,"preOrder":{"streetDate":null,"streetDateDisplayable":null,"streetDateType":null,"isPreOrder":false,"preOrderMessage":null,"preOrderStreetDateMessage":null},"price":19.95,"priceInfo":{"linePrice":"$19.95","priceDisplayCondition":null,"priceRangeString":"","subscriptionString":"","linePriceDisplay":"$19.95","eaPricingPreText":""},"usItemId":"3555058526","variantList":[],"isVariantTypeSwatch":false,"type":"REGULAR","rating":{"averageRating":5,"numberOfReviews":1},"sponsoredProduct":null,"isSponsoredFlag":false,"brand":"Starla Wines","canonicalUrl":"/ip/Starla-Wines-Non-Alcoholic-Sparkling-Ros/3555058526?athcpid=3555058526\u0026athpgid=AthenaContentPage_8604954\u0026athcgid=null\u0026athznid=ItemCarousel_a33497fd-8770-4519-9ec3-11b891ccf6fe_items\u0026athieid=v0\u0026athstid=CS020\u0026athguid=fZ0TNvxS86RnhOIMqZXwWGGGu40sBHjwnBkn\u0026athancid=null\u0026athena=true"},{"canAddToCart":true,"showOptions":false,"badge":null,"badgeGroups":[],"badges":{"flags":null,"labels":[],"tags":[{"key":"THREE_PLUS_DAY_SHIPPING","text":"3+ day shipping","id":"L1005","rank":null}],"groups":[]},"earlyAccessEvent":false,"eventAttributes":{"specialBuy":false,"priceFlip":false},"flag":"","classType":"REGULAR","fulfillmentBadges":["3+ day shipping"],"fulfillmentSpeed":null,"fulfillmentType":"MARKETPLACE","id":"2090252496","image":"https://i5.walmartimages.com/asr/132b71f0-64c8-4d87-9ee5-32738aa0a77c.10fcd9d16de3389343e259b3ee424f82.jpeg","isEarlyAccessItem":false,"isOutOfStock":false,"maxVisibleSwatchCount":4,"name":"Sutter Home Fre White Zinfandel Non-alcoholic Wine (3 Bottles)","groupMetaData":null,"itemType":null,"pac":null,"unsheduled_Delivery_SLA":null,"offerId":"B7F1004124993DACB4C8773AD044673A","sellerId":"AB65ACD031C94A9C95DB79BC77D220C0","showSubscribe":false,"sellerName":null,"salesUnitType":"EACH","weightIncrement":1,"hasSellerBadge":null,"preOrder":{"streetDate":null,"streetDateDisplayable":null,"streetDateType":null,"isPreOrder":false,"preOrderMessage":null,"preOrderStreetDateMessage":null},"price":48.99,"priceInfo":{"linePrice":"$48.99","priceDisplayCondition":null,"priceRangeString":"","subscriptionString":"","linePriceDisplay":"$48.99","eaPricingPreText":""},"usItemId":"2090252496","variantList":[],"isVariantTypeSwatch":false,"type":"REGULAR","rating":{"averageRating":0,"numberOfReviews":0},"sponsoredProduct":null,"isSponsoredFlag":false,"brand":"Feilv","canonicalUrl":"/ip/Sutter-Home-Fre-White-Zinfandel-Non-alcoholic-Wine-3-Bottles/2090252496?athcpid=2090252496\u0026athpgid=AthenaContentPage_8604954\u0026athcgid=null\u0026athznid=ItemCarousel_a33497fd-8770-4519-9ec3-11b891ccf6fe_items\u0026athieid=v0\u0026athstid=CS020\u0026athguid=fZ0TNvxS86RnhOIMqZXwWGGGu40sBHjwnBkn\u0026athancid=null\u0026athena=true"},{"canAddToCart":true,"showOptions":false,"badge":null,"badgeGroups":[],"badges":{"flags":null,"labels":[],"tags":[{"key":"THREE_PLUS_DAY_SHIPPING","text":"3+ day shipping","id":"L1005","rank":null}],"groups":[]},"earlyAccessEvent":false,"eventAttributes":{"specialBuy":false,"priceFlip":false},"flag":"","classType":"REGULAR","fulfillmentBadges":["3+ day shipping"],"fulfillmentSpeed":null,"fulfillmentType":"MARKETPLACE","id":"3165026654","image":"https://i5.walmartimages.com/asr/e3ad417d-b9c1-4293-b41b-1a7939a45d76.5a76df54bd3df54ed72815fd654080b6.jpeg","isEarlyAccessItem":false,"isOutOfStock":false,"maxVisibleSwatchCount":4,"name":"Surely - Wine Non-Alcoholic Sparkling Rose, 4Pk, 34fo | Pack of 6","groupMetaData":null,"itemType":null,"pac":null,"unsheduled_Delivery_SLA":null,"offerId":"9725F329A1BE3F04B6DA70CBDB9A4D55","sellerId":"CC135BC9FF104BE6BB17A0F07249ECD1","showSubscribe":false,"sellerName":null,"salesUnitType":"EACH","weightIncrement":1,"hasSellerBadge":null,"preOrder":{"streetDate":null,"streetDateDisplayable":null,"streetDateType":null,"isPreOrder":false,"preOrderMessage":null,"preOrderStreetDateMessage":null},"price":24.99,"priceInfo":{"linePrice":"$24.99","priceDisplayCondition":null,"wasPrice":"$151.19","priceRangeString":"","subscriptionString":"","savings":"SAVE $126.20","linePriceDisplay":"Now $24.99","eaPricingPreText":""},"usItemId":"3165026654","variantList":[],"isVariantTypeSwatch":false,"type":"REGULAR","rating":{"averageRating":1,"numberOfReviews":1},"sponsoredProduct":null,"isSponsoredFlag":false,"brand":"Surely","canonicalUrl":"/ip/Surely-Wine-Non-Alcoholic-Sparkling-Rose-4Pk-34fo-Pack-of-6/3165026654?athcpid=3165026654\u0026athpgid=AthenaContentPage_8604954\u0026athcgid=null\u0026athznid=ItemCarousel_a33497fd-8770-4519-9ec3-11b891ccf6fe_items\u0026athieid=v0\u0026athstid=CS020\u0026athguid=fZ0TNvxS86RnhOIMqZXwWGGGu40sBHjwnBkn\u0026athancid=null\u0026athena=true"}]}},"publishedDate":1701854798410,"moduleId":"a33497fd-8770-4519-9ec3-11b891ccf6fe","module_id":"a33497fd-8770-4519-9ec3-11b891ccf6fe","matchedTrigger":{"pageType":"ContentPage","pageId":"8604954","zone":"contentZone22","inheritable":false}},{"name":"Rich white wines carousel - TLP - Web - 12.09","type":"ItemCarousel","version":10,"status":"published","schedule":{"start":null,"end":null,"priority":1,"expEnabled":false},"triggers":[{"pageType":"ContentPage","pageId":"8604954","zone":"contentZone12","inheritable":false}],"configs":{"__typename":"TempoWM_GLASSWWWItemCarouselConfigsV1","type":null,"title":"Rich white wines","subTitle":null,"viewAllLink":{"linkText":"View all","title":"View all","clickThrough":{"type":"url","value":"https://www.walmart.com/browse/food/all-white-wine/976759_2975985_8604954_8749992_2962771?povid=976759_itemcarousel_8604954_Richwhitewines_Viewall_Rweb_Dec_21"}},"spBeaconInfo":null,"tileOptions":null,"productsConfig":{"products":[{"canAddToCart":true,"showOptions":false,"badge":null,"badgeGroups":[],"badges":{"flags":null,"labels":[],"tags":[{"key":"PICKUP","text":"Pickup","id":"L1001","rank":null},{"key":"DELIVERY","text":"Delivery","id":"L1002","rank":null}],"groups":[]},"earlyAccessEvent":false,"eventAttributes":{"specialBuy":false,"priceFlip":false},"flag":"","classType":"REGULAR","fulfillmentBadges":["Pickup","Delivery"],"fulfillmentSpeed":null,"fulfillmentType":"STORE","id":"132508723","image":"https://i5.walmartimages.com/asr/29ee27fc-a719-4619-a446-e620f1ab9271.99a9bb8828ee64e9e756b17f9b45530d.jpeg","isEarlyAccessItem":false,"isOutOfStock":false,"maxVisibleSwatchCount":4,"name":"Meiomi California Chardonnay White Wine, 750 ml Bottle, 13.5% ABV","groupMetaData":null,"itemType":null,"pac":null,"offerId":"5E544F3B0A9A4C6395C49458C1C4E351","sellerId":"F55CDC31AB754BB68FE0B39041159D63","showSubscribe":false,"sellerName":null,"salesUnitType":"EACH","weightIncrement":1,"hasSellerBadge":null,"preOrder":{"streetDate":null,"streetDateDisplayable":null,"streetDateType":null,"isPreOrder":false,"preOrderMessage":null,"preOrderStreetDateMessage":null},"price":14.98,"priceInfo":{"linePrice":"$14.98","priceDisplayCondition":null,"unitPrice":"59.1 ¢/fl oz","priceRangeString":"","subscriptionString":"","linePriceDisplay":"$14.98","eaPricingPreText":""},"usItemId":"132508723","variantList":[],"isVariantTypeSwatch":false,"type":"REGULAR","rating":{"averageRating":4.7,"numberOfReviews":43},"sponsoredProduct":null,"isSponsoredFlag":false,"brand":"Meiomi","canonicalUrl":"/ip/Meiomi-California-Chardonnay-White-Wine-750-ml-Bottle-13-5-ABV/132508723?athcpid=132508723\u0026athpgid=AthenaContentPage_8604954\u0026athcgid=null\u0026athznid=ItemCarousel_eeb5578a-f8b9-4e77-af60-40e79651e811_items\u0026athieid=v0\u0026athstid=CS020\u0026athguid=fZ0TNvxS86RnhOIMqZXwWGGGu40sBHjwnBkn\u0026athancid=null\u0026athena=true"},{"canAddToCart":true,"showOptions":false,"badge":null,"badgeGroups":[],"badges":{"flags":null,"labels":[],"tags":[{"key":"PICKUP","text":"Pickup","id":"L1001","rank":null},{"key":"DELIVERY","text":"Delivery","id":"L1002","rank":null}],"groups":[]},"earlyAccessEvent":false,"eventAttributes":{"specialBuy":false,"priceFlip":false},"flag":"","classType":"REGULAR","fulfillmentBadges":["Pickup","Delivery"],"fulfillmentSpeed":null,"fulfillmentType":"STORE","id":"165235653","image":"https://i5.walmartimages.com/asr/f87503c9-6674-4305-bcc7-b2c179b73e58_1.0983036ea19001b0598b88aefbcc9364.jpeg","isEarlyAccessItem":false,"isOutOfStock":false,"maxVisibleSwatchCount":4,"name":"Mer Soleil Reserve Chardonnay White Wine, 750ml Bottle","groupMetaData":null,"itemType":null,"pac":null,"offerId":"7230EF10C7FF4E33A33721C4A2FC18A3","sellerId":"F55CDC31AB754BB68FE0B39041159D63","showSubscribe":false,"sellerName":null,"salesUnitType":"EACH","weightIncrement":1,"hasSellerBadge":null,"preOrder":{"streetDate":null,"streetDateDisplayable":null,"streetDateType":null,"isPreOrder":false,"preOrderMessage":null,"preOrderStreetDateMessage":null},"price":19.98,"priceInfo":{"linePrice":"$19.98","priceDisplayCondition":null,"unitPrice":"78.7 ¢/fl oz","priceRangeString":"","subscriptionString":"","linePriceDisplay":"$19.98","eaPricingPreText":""},"usItemId":"165235653","variantList":[],"isVariantTypeSwatch":false,"type":"REGULAR","rating":{"averageRating":4.5,"numberOfReviews":4},"sponsoredProduct":null,"isSponsoredFlag":false,"brand":"Mer Soleil","canonicalUrl":"/ip/Mer-Soleil-Reserve-Chardonnay-White-Wine-750ml-Bottle/165235653?athcpid=165235653\u0026athpgid=AthenaContentPage_8604954\u0026athcgid=null\u0026athznid=ItemCarousel_eeb5578a-f8b9-4e77-af60-40e79651e811_items\u0026athieid=v0\u0026athstid=CS020\u0026athguid=fZ0TNvxS86RnhOIMqZXwWGGGu40sBHjwnBkn\u0026athancid=null\u0026athena=true"},{"canAddToCart":true,"showOptions":false,"badge":null,"badgeGroups":[],"badges":{"flags":null,"labels":[],"tags":[{"key":"PICKUP","text":"Pickup","id":"L1001","rank":null},{"key":"DELIVERY","text":"Delivery","id":"L1002","rank":null}],"groups":[]},"earlyAccessEvent":false,"eventAttributes":{"specialBuy":false,"priceFlip":false},"flag":"","classType":"REGULAR","fulfillmentBadges":["Pickup","Delivery"],"fulfillmentSpeed":null,"fulfillmentType":"STORE","id":"101820867","image":"https://i5.walmartimages.com/asr/cb8109a1-dda8-40b9-b263-e1be80883928.4b3e74bcb4646c02e6dc31f2818d367f.jpeg","isEarlyAccessItem":false,"isOutOfStock":false,"maxVisibleSwatchCount":4,"name":"La Crema Sonoma Coast Chardonnay White Wine, 750ml","groupMetaData":null,"itemType":null,"pac":null,"offerId":"CF7E8E9E13A34BB1ADB7468DD373F713","sellerId":"F55CDC31AB754BB68FE0B39041159D63","showSubscribe":false,"sellerName":null,"salesUnitType":"EACH","weightIncrement":1,"hasSellerBadge":null,"preOrder":{"streetDate":null,"streetDateDisplayable":null,"streetDateType":null,"isPreOrder":false,"preOrderMessage":null,"preOrderStreetDateMessage":null},"price":17.98,"priceInfo":{"linePrice":"$17.98","priceDisplayCondition":null,"unitPrice":"70.9 ¢/fl oz","priceRangeString":"","subscriptionString":"","linePriceDisplay":"$17.98","eaPricingPreText":""},"usItemId":"101820867","variantList":[],"isVariantTypeSwatch":false,"type":"REGULAR","rating":{"averageRating":4.9,"numberOfReviews":55},"sponsoredProduct":null,"isSponsoredFlag":false,"brand":"La Crema","canonicalUrl":"/ip/La-Crema-Sonoma-Coast-Chardonnay-White-Wine-750ml/101820867?athcpid=101820867\u0026athpgid=AthenaContentPage_8604954\u0026athcgid=null\u0026athznid=ItemCarousel_eeb5578a-f8b9-4e77-af60-40e79651e811_items\u0026athieid=v0\u0026athstid=CS020\u0026athguid=fZ0TNvxS86RnhOIMqZXwWGGGu40sBHjwnBkn\u0026athancid=null\u0026athena=true"},{"canAddToCart":true,"showOptions":false,"badge":null,"badgeGroups":[],"badges":{"flags":null,"labels":[],"tags":[{"key":"PICKUP","text":"Pickup","id":"L1001","rank":null},{"key":"DELIVERY","text":"Delivery","id":"L1002","rank":null}],"groups":[]},"earlyAccessEvent":false,"eventAttributes":{"specialBuy":false,"priceFlip":false},"flag":"","classType":"REGULAR","fulfillmentBadges":["Pickup","Delivery"],"fulfillmentSpeed":null,"fulfillmentType":"STORE","id":"10984604","image":"https://i5.walmartimages.com/asr/7b187fa2-e996-401d-b7d1-977b969b9a28.ea85760eed2ca1bcb2d872fe631f579c.jpeg","isEarlyAccessItem":false,"isOutOfStock":false,"maxVisibleSwatchCount":4,"name":"Clos Du Bois Chardonnay, White Wine, 750ml Glass Bottle","groupMetaData":null,"itemType":null,"pac":null,"offerId":"E4C32BA3AA604A9DA42BDADB9458EB8F","sellerId":"F55CDC31AB754BB68FE0B39041159D63","showSubscribe":false,"sellerName":null,"salesUnitType":"EACH","weightIncrement":1,"hasSellerBadge":null,"preOrder":{"streetDate":null,"streetDateDisplayable":null,"streetDateType":null,"isPreOrder":false,"preOrderMessage":null,"preOrderStreetDateMessage":null},"price":9.98,"priceInfo":{"linePrice":"$9.98","priceDisplayCondition":null,"unitPrice":"39.4 ¢/fl oz","priceRangeString":"","subscriptionString":"","linePriceDisplay":"$9.98","eaPricingPreText":""},"usItemId":"10984604","variantList":[],"isVariantTypeSwatch":false,"type":"REGULAR","rating":{"averageRating":4.4,"numberOfReviews":60},"sponsoredProduct":null,"isSponsoredFlag":false,"brand":"Clos Du Bois","canonicalUrl":"/ip/Clos-Du-Bois-Chardonnay-White-Wine-750ml-Glass-Bottle/10984604?athcpid=10984604\u0026athpgid=AthenaContentPage_8604954\u0026athcgid=null\u0026athznid=ItemCarousel_eeb5578a-f8b9-4e77-af60-40e79651e811_items\u0026athieid=v0\u0026athstid=CS020\u0026athguid=fZ0TNvxS86RnhOIMqZXwWGGGu40sBHjwnBkn\u0026athancid=null\u0026athena=true"},{"canAddToCart":true,"showOptions":false,"badge":{"id":"L1600","text":"Best seller","key":"BESTSELLER","type":"LABEL","rank":1,"styleId":null},"badgeGroups":[],"badges":{"flags":[{"key":"BESTSELLER","text":"Best seller","type":"LABEL","id":"L1600","rank":1,"styleId":null}],"labels":[],"tags":[{"key":"PICKUP","text":"Pickup","id":"L1001","rank":null},{"key":"DELIVERY","text":"Delivery","id":"L1002","rank":null}],"groups":[]},"earlyAccessEvent":false,"eventAttributes":{"specialBuy":false,"priceFlip":false},"flag":"Best seller","classType":"REGULAR","fulfillmentBadges":["Pickup","Delivery"],"fulfillmentSpeed":null,"fulfillmentType":"STORE","id":"152622114","image":"https://i5.walmartimages.com/asr/81d7d61a-baa5-4de7-81f0-6647ae6bd0f5.40b9621f02c199953bf50241656271b2.jpeg","isEarlyAccessItem":false,"isOutOfStock":false,"maxVisibleSwatchCount":4,"name":"Black Box California Chardonnay White Wine, 3 Liter Box (Four 750mL Bottles)","groupMetaData":null,"itemType":null,"pac":null,"offerId":"357DB3F99482433D9774C8ABD4A357F5","sellerId":"F55CDC31AB754BB68FE0B39041159D63","showSubscribe":false,"sellerName":null,"salesUnitType":"EACH","weightIncrement":1,"hasSellerBadge":null,"preOrder":{"streetDate":null,"streetDateDisplayable":null,"streetDateType":null,"isPreOrder":false,"preOrderMessage":null,"preOrderStreetDateMessage":null},"price":18.97,"priceInfo":{"linePrice":"$18.97","priceDisplayCondition":null,"unitPrice":"18.7 ¢/fl oz","priceRangeString":"","subscriptionString":"","linePriceDisplay":"$18.97","eaPricingPreText":""},"usItemId":"152622114","variantList":[],"isVariantTypeSwatch":false,"type":"REGULAR","rating":{"averageRating":4.5,"numberOfReviews":96},"sponsoredProduct":null,"isSponsoredFlag":false,"brand":"Black Box Wines","canonicalUrl":"/ip/Black-Box-California-Chardonnay-White-Wine-3-Liter-Box-Four-750mL-Bottles/152622114?athcpid=152622114\u0026athpgid=AthenaContentPage_8604954\u0026athcgid=null\u0026athznid=ItemCarousel_eeb5578a-f8b9-4e77-af60-40e79651e811_items\u0026athieid=v0\u0026athstid=CS020\u0026athguid=fZ0TNvxS86RnhOIMqZXwWGGGu40sBHjwnBkn\u0026athancid=null\u0026athena=true\u0026athbdg=L1600"},{"canAddToCart":true,"showOptions":false,"badge":null,"badgeGroups":[],"badges":{"flags":null,"labels":[],"tags":[{"key":"PICKUP","text":"Pickup","id":"L1001","rank":null},{"key":"DELIVERY","text":"Delivery","id":"L1002","rank":null}],"groups":[]},"earlyAccessEvent":false,"eventAttributes":{"specialBuy":false,"priceFlip":false},"flag":"","classType":"REGULAR","fulfillmentBadges":["Pickup","Delivery"],"fulfillmentSpeed":null,"fulfillmentType":"STORE","id":"101001144","image":"https://i5.walmartimages.com/asr/30cb1a10-62ea-45c1-8229-e3c3ffa2f037.8183d93e15c13e9a7c0144dbf1092402.png","isEarlyAccessItem":false,"isOutOfStock":false,"maxVisibleSwatchCount":4,"name":"Bota Box Chardonnay White Wine, 3L (4 x 750ml bottles), ABV 13%","groupMetaData":null,"itemType":null,"pac":null,"offerId":"AD3C9FC099E947EFA653FF10EB6DCDB8","sellerId":"F55CDC31AB754BB68FE0B39041159D63","showSubscribe":false,"sellerName":null,"salesUnitType":"EACH","weightIncrement":1,"hasSellerBadge":null,"preOrder":{"streetDate":null,"streetDateDisplayable":null,"streetDateType":null,"isPreOrder":false,"preOrderMessage":null,"preOrderStreetDateMessage":null},"price":18.47,"priceInfo":{"linePrice":"$18.47","priceDisplayCondition":null,"unitPrice":"18.2 ¢/fl oz","priceRangeString":"","subscriptionString":"","linePriceDisplay":"$18.47","eaPricingPreText":""},"usItemId":"101001144","variantList":[],"isVariantTypeSwatch":false,"type":"REGULAR","rating":{"averageRating":4.6,"numberOfReviews":10},"sponsoredProduct":null,"isSponsoredFlag":false,"brand":"BOTA BOX","canonicalUrl":"/ip/Bota-Box-Chardonnay-White-Wine-3L-4-x-750ml-bottles-ABV-13/101001144?athcpid=101001144\u0026athpgid=AthenaContentPage_8604954\u0026athcgid=null\u0026athznid=ItemCarousel_eeb5578a-f8b9-4e77-af60-40e79651e811_items\u0026athieid=v0\u0026athstid=CS020\u0026athguid=fZ0TNvxS86RnhOIMqZXwWGGGu40sBHjwnBkn\u0026athancid=null\u0026athena=true"}]}},"publishedDate":1703137358397,"moduleId":"eeb5578a-f8b9-4e77-af60-40e79651e811","module_id":"eeb5578a-f8b9-4e77-af60-40e79651e811","matchedTrigger":{"pageType":"ContentPage","pageId":"8604954","zone":"contentZone12","inheritable":false}},{"name":"Seasonal Wine-Item Carousel Module-Web-YC-8.7","type":"ItemCarousel","version":4,"status":"published","schedule":{"start":null,"end":null,"priority":1,"expEnabled":false},"triggers":[{"pageType":"ContentPage","pageId":"8604954","zone":"contentZone4","inheritable":false}],"configs":{"__typename":"TempoWM_GLASSWWWItemCarouselConfigsV1","type":null,"title":"Seasonal wine","subTitle":null,"viewAllLink":null,"spBeaconInfo":null,"tileOptions":null,"productsConfig":{"products":[{"canAddToCart":true,"showOptions":false,"badge":null,"badgeGroups":[],"badges":{"flags":null,"labels":[],"tags":[{"key":"PICKUP","text":"Pickup","id":"L1001","rank":null},{"key":"DELIVERY","text":"Delivery","id":"L1002","rank":null}],"groups":[]},"earlyAccessEvent":false,"eventAttributes":{"specialBuy":false,"priceFlip":false},"flag":"","classType":"REGULAR","fulfillmentBadges":["Pickup","Delivery"],"fulfillmentSpeed":null,"fulfillmentType":"STORE","id":"164031908","image":"https://i5.walmartimages.com/asr/3e59b71a-924c-4b87-b14f-0221e778d4c6.d52ef83baa118c60c3b543f055c3b86b.jpeg","isEarlyAccessItem":false,"isOutOfStock":false,"maxVisibleSwatchCount":4,"name":"Decoy Cabernet Sauvignon Wine, 750 ml, Bottle","groupMetaData":null,"itemType":null,"pac":null,"offerId":"8538C6ACA72B4415BE2D3616A4C41996","sellerId":"F55CDC31AB754BB68FE0B39041159D63","showSubscribe":false,"sellerName":null,"salesUnitType":"EACH","weightIncrement":1,"hasSellerBadge":null,"preOrder":{"streetDate":null,"streetDateDisplayable":null,"streetDateType":null,"isPreOrder":false,"preOrderMessage":null,"preOrderStreetDateMessage":null},"price":19.98,"priceInfo":{"linePrice":"$19.98","priceDisplayCondition":null,"unitPrice":"78.7 ¢/fl oz","priceRangeString":"","subscriptionString":"","linePriceDisplay":"$19.98","eaPricingPreText":""},"usItemId":"164031908","variantList":[],"isVariantTypeSwatch":false,"type":"REGULAR","rating":{"averageRating":4.7,"numberOfReviews":28},"sponsoredProduct":null,"isSponsoredFlag":false,"brand":"Decoy","canonicalUrl":"/ip/Decoy-Cabernet-Sauvignon-Wine-750-ml-Bottle/164031908?athcpid=164031908\u0026athpgid=AthenaContentPage_8604954\u0026athcgid=null\u0026athznid=ItemCarousel_d5cfaf21-fd81-4402-bcb3-aa52908d5fac_items\u0026athieid=v0\u0026athstid=CS020\u0026athguid=fZ0TNvxS86RnhOIMqZXwWGGGu40sBHjwnBkn\u0026athancid=null\u0026athena=true"},{"canAddToCart":true,"showOptions":false,"badge":{"id":"L1600","text":"Best seller","key":"BESTSELLER","type":"LABEL","rank":1,"styleId":null},"badgeGroups":[],"badges":{"flags":[{"key":"BESTSELLER","text":"Best seller","type":"LABEL","id":"L1600","rank":1,"styleId":null}],"labels":[],"tags":[{"key":"PICKUP","text":"Pickup","id":"L1001","rank":null},{"key":"DELIVERY","text":"Delivery","id":"L1002","rank":null}],"groups":[]},"earlyAccessEvent":false,"eventAttributes":{"specialBuy":false,"priceFlip":false},"flag":"Best seller","classType":"REGULAR","fulfillmentBadges":["Pickup","Delivery"],"fulfillmentSpeed":null,"fulfillmentType":"STORE","id":"191420088","image":"https://i5.walmartimages.com/asr/be5cc703-fe0a-49da-9db0-5bd9c563068b.0cd946b034bc3fca345ac7c6b3b6c5a6.jpeg","isEarlyAccessItem":false,"isOutOfStock":false,"maxVisibleSwatchCount":4,"name":"Josh Cellars Cabernet Sauvignon Wine, 750 ml, Bottle","groupMetaData":null,"itemType":null,"pac":null,"offerId":"AD74851EAA7C4F4098C3DDF0F9448DB9","sellerId":"F55CDC31AB754BB68FE0B39041159D63","showSubscribe":false,"sellerName":null,"salesUnitType":"EACH","weightIncrement":1,"hasSellerBadge":null,"preOrder":{"streetDate":null,"streetDateDisplayable":null,"streetDateType":null,"isPreOrder":false,"preOrderMessage":null,"preOrderStreetDateMessage":null},"price":14.98,"priceInfo":{"linePrice":"$14.98","priceDisplayCondition":null,"unitPrice":"59.1 ¢/fl oz","priceRangeString":"","subscriptionString":"","linePriceDisplay":"$14.98","eaPricingPreText":""},"usItemId":"191420088","variantList":[],"isVariantTypeSwatch":false,"type":"REGULAR","rating":{"averageRating":4.7,"numberOfReviews":225},"sponsoredProduct":null,"isSponsoredFlag":false,"brand":"Josh Cellars","canonicalUrl":"/ip/Josh-Cellars-Cabernet-Sauvignon-Wine-750-ml-Bottle/191420088?athcpid=191420088\u0026athpgid=AthenaContentPage_8604954\u0026athcgid=null\u0026athznid=ItemCarousel_d5cfaf21-fd81-4402-bcb3-aa52908d5fac_items\u0026athieid=v0\u0026athstid=CS020\u0026athguid=fZ0TNvxS86RnhOIMqZXwWGGGu40sBHjwnBkn\u0026athancid=null\u0026athena=true\u0026athbdg=L1600"},{"canAddToCart":true,"showOptions":false,"badge":{"id":"L1600","text":"Best seller","key":"BESTSELLER","type":"LABEL","rank":1,"styleId":null},"badgeGroups":[],"badges":{"flags":[{"key":"BESTSELLER","text":"Best seller","type":"LABEL","id":"L1600","rank":1,"styleId":null}],"labels":[],"tags":[{"key":"PICKUP","text":"Pickup","id":"L1001","rank":null},{"key":"DELIVERY","text":"Delivery","id":"L1002","rank":null}],"groups":[]},"earlyAccessEvent":false,"eventAttributes":{"specialBuy":false,"priceFlip":false},"flag":"Best seller","classType":"REGULAR","fulfillmentBadges":["Pickup","Delivery"],"fulfillmentSpeed":null,"fulfillmentType":"STORE","id":"185231322","image":"https://i5.walmartimages.com/asr/598f75e3-426c-4dd3-99b9-de4592aa1d2b.3f4bfb2ec49ce300d354f5cdb5bc1e0b.jpeg","isEarlyAccessItem":false,"isOutOfStock":false,"maxVisibleSwatchCount":4,"name":"Meiomi California Pinot Noir Red Wine, 750 ml Bottle, 13.5% ABV","groupMetaData":null,"itemType":null,"pac":null,"offerId":"04B91F598B7B4087941A1394B87A43B7","sellerId":"F55CDC31AB754BB68FE0B39041159D63","showSubscribe":false,"sellerName":null,"salesUnitType":"EACH","weightIncrement":1,"hasSellerBadge":null,"preOrder":{"streetDate":null,"streetDateDisplayable":null,"streetDateType":null,"isPreOrder":false,"preOrderMessage":null,"preOrderStreetDateMessage":null},"price":17.98,"priceInfo":{"linePrice":"$17.98","priceDisplayCondition":null,"unitPrice":"70.9 ¢/fl oz","priceRangeString":"","subscriptionString":"","linePriceDisplay":"$17.98","eaPricingPreText":""},"usItemId":"185231322","variantList":[],"isVariantTypeSwatch":false,"type":"REGULAR","rating":{"averageRating":4.8,"numberOfReviews":418},"sponsoredProduct":null,"isSponsoredFlag":false,"brand":"Meiomi","canonicalUrl":"/ip/Meiomi-California-Pinot-Noir-Red-Wine-750-ml-Bottle-13-5-ABV/185231322?athcpid=185231322\u0026athpgid=AthenaContentPage_8604954\u0026athcgid=null\u0026athznid=ItemCarousel_d5cfaf21-fd81-4402-bcb3-aa52908d5fac_items\u0026athieid=v0\u0026athstid=CS020\u0026athguid=fZ0TNvxS86RnhOIMqZXwWGGGu40sBHjwnBkn\u0026athancid=null\u0026athena=true\u0026athbdg=L1600"},{"canAddToCart":true,"showOptions":false,"badge":null,"badgeGroups":[],"badges":{"flags":null,"labels":[],"tags":[{"key":"PICKUP","text":"Pickup","id":"L1001","rank":null},{"key":"DELIVERY","text":"Delivery","id":"L1002","rank":null}],"groups":[]},"earlyAccessEvent":false,"eventAttributes":{"specialBuy":false,"priceFlip":false},"flag":"","classType":"REGULAR","fulfillmentBadges":["Pickup","Delivery"],"fulfillmentSpeed":null,"fulfillmentType":"STORE","id":"263375609","image":"https://i5.walmartimages.com/asr/063ed43c-c1ce-4e03-b32a-e0d087b7a99e.c2e9ebf83f7a160c5822515b09881168.jpeg","isEarlyAccessItem":false,"isOutOfStock":false,"maxVisibleSwatchCount":4,"name":"Lionne Royale France Special Reserve Brut Champagne 750 ml","groupMetaData":null,"itemType":null,"pac":null,"offerId":"78CB4D53FD1A4C7CBE9F743DE1D69401","sellerId":"F55CDC31AB754BB68FE0B39041159D63","showSubscribe":false,"sellerName":null,"salesUnitType":"EACH","weightIncrement":1,"hasSellerBadge":null,"preOrder":{"streetDate":null,"streetDateDisplayable":null,"streetDateType":null,"isPreOrder":false,"preOrderMessage":null,"preOrderStreetDateMessage":null},"price":34.96,"priceInfo":{"linePrice":"$34.96","priceDisplayCondition":null,"unitPrice":"$1.38/fl oz","priceRangeString":"","subscriptionString":"","linePriceDisplay":"$34.96","eaPricingPreText":""},"usItemId":"263375609","variantList":[],"isVariantTypeSwatch":false,"type":"REGULAR","rating":{"averageRating":5,"numberOfReviews":1},"sponsoredProduct":null,"isSponsoredFlag":false,"brand":"Lionne Royale","canonicalUrl":"/ip/Lionne-Royale-France-Special-Reserve-Brut-Champagne-750-ml/263375609?athcpid=263375609\u0026athpgid=AthenaContentPage_8604954\u0026athcgid=null\u0026athznid=ItemCarousel_d5cfaf21-fd81-4402-bcb3-aa52908d5fac_items\u0026athieid=v0\u0026athstid=CS020\u0026athguid=fZ0TNvxS86RnhOIMqZXwWGGGu40sBHjwnBkn\u0026athancid=null\u0026athena=true"},{"canAddToCart":true,"showOptions":false,"badge":null,"badgeGroups":[],"badges":{"flags":null,"labels":[],"tags":[{"key":"PICKUP","text":"Pickup","id":"L1001","rank":null},{"key":"DELIVERY","text":"Delivery","id":"L1002","rank":null}],"groups":[]},"earlyAccessEvent":false,"eventAttributes":{"specialBuy":false,"priceFlip":false},"flag":"","classType":"REGULAR","fulfillmentBadges":["Pickup","Delivery"],"fulfillmentSpeed":null,"fulfillmentType":"STORE","id":"689374150","image":"https://i5.walmartimages.com/asr/ee840d7b-7a8b-4eac-a8df-3364f1c5abe0.0987ff59a6523dd2085dd0c0d73678e6.jpeg","isEarlyAccessItem":false,"isOutOfStock":false,"maxVisibleSwatchCount":4,"name":"Barefoot Refresh Rose Moscato Wine Spritzer, California, 4 Pack, 4 250ml Single Serve Cans","groupMetaData":null,"itemType":null,"pac":null,"offerId":"6FC00FF89EC14109A57AE8C59C15685D","sellerId":"F55CDC31AB754BB68FE0B39041159D63","showSubscribe":false,"sellerName":null,"salesUnitType":"EACH","weightIncrement":1,"hasSellerBadge":null,"preOrder":{"streetDate":null,"streetDateDisplayable":null,"streetDateType":null,"isPreOrder":false,"preOrderMessage":null,"preOrderStreetDateMessage":null},"price":7.48,"priceInfo":{"linePrice":"$7.48","priceDisplayCondition":null,"unitPrice":"22.1 ¢/fl oz","priceRangeString":"","subscriptionString":"","linePriceDisplay":"$7.48","eaPricingPreText":""},"usItemId":"689374150","variantList":[],"isVariantTypeSwatch":false,"type":"REGULAR","rating":{"averageRating":4.3,"numberOfReviews":22},"sponsoredProduct":null,"isSponsoredFlag":false,"brand":"Barefoot","canonicalUrl":"/ip/Barefoot-Refresh-Rose-Moscato-Wine-Spritzer-California-4-Pack-4-250ml-Single-Serve-Cans/689374150?athcpid=689374150\u0026athpgid=AthenaContentPage_8604954\u0026athcgid=null\u0026athznid=ItemCarousel_d5cfaf21-fd81-4402-bcb3-aa52908d5fac_items\u0026athieid=v0\u0026athstid=CS020\u0026athguid=fZ0TNvxS86RnhOIMqZXwWGGGu40sBHjwnBkn\u0026athancid=null\u0026athena=true"},{"canAddToCart":true,"showOptions":false,"badge":{"id":"L1600","text":"Best seller","key":"BESTSELLER","type":"LABEL","rank":1,"styleId":null},"badgeGroups":[],"badges":{"flags":[{"key":"BESTSELLER","text":"Best seller","type":"LABEL","id":"L1600","rank":1,"styleId":null}],"labels":[],"tags":[{"key":"PICKUP","text":"Pickup","id":"L1001","rank":null},{"key":"DELIVERY","text":"Delivery","id":"L1002","rank":null}],"groups":[]},"earlyAccessEvent":false,"eventAttributes":{"specialBuy":false,"priceFlip":false},"flag":"Best seller","classType":"REGULAR","fulfillmentBadges":["Pickup","Delivery"],"fulfillmentSpeed":null,"fulfillmentType":"STORE","id":"10984620","image":"https://i5.walmartimages.com/asr/91443099-a8ac-4651-b512-ef30970968f7.3b9224490ee449922ee25879da6d93a5.jpeg","isEarlyAccessItem":false,"isOutOfStock":false,"maxVisibleSwatchCount":4,"name":"Kendall-Jackson Vintner's Reserve Chardonnay White Wine, California, 13.5% ABV, 750ml Glass Bottle, 5-150ml Servings","groupMetaData":null,"itemType":null,"pac":null,"offerId":"343423C9FD814C7693AA362366881992","sellerId":"F55CDC31AB754BB68FE0B39041159D63","showSubscribe":false,"sellerName":null,"salesUnitType":"EACH","weightIncrement":1,"hasSellerBadge":null,"preOrder":{"streetDate":null,"streetDateDisplayable":null,"streetDateType":null,"isPreOrder":false,"preOrderMessage":null,"preOrderStreetDateMessage":null},"price":14.48,"priceInfo":{"linePrice":"$14.48","priceDisplayCondition":null,"unitPrice":"57.1 ¢/fl oz","priceRangeString":"","subscriptionString":"","linePriceDisplay":"$14.48","eaPricingPreText":""},"usItemId":"10984620","variantList":[],"isVariantTypeSwatch":false,"type":"REGULAR","rating":{"averageRating":4.8,"numberOfReviews":108},"sponsoredProduct":null,"isSponsoredFlag":false,"brand":"Kendall-Jackson","canonicalUrl":"/ip/Kendall-Jackson-Vintner-s-Reserve-Chardonnay-White-Wine-California-13-5-ABV-750ml-Glass-Bottle-5-150ml-Servings/10984620?athcpid=10984620\u0026athpgid=AthenaContentPage_8604954\u0026athcgid=null\u0026athznid=ItemCarousel_d5cfaf21-fd81-4402-bcb3-aa52908d5fac_items\u0026athieid=v0\u0026athstid=CS020\u0026athguid=fZ0TNvxS86RnhOIMqZXwWGGGu40sBHjwnBkn\u0026athancid=null\u0026athena=true\u0026athbdg=L1600"},{"canAddToCart":true,"showOptions":false,"badge":null,"badgeGroups":[],"badges":{"flags":null,"labels":[],"tags":[{"key":"PICKUP","text":"Pickup","id":"L1001","rank":null},{"key":"DELIVERY","text":"Delivery","id":"L1002","rank":null}],"groups":[]},"earlyAccessEvent":false,"eventAttributes":{"specialBuy":false,"priceFlip":false},"flag":"","classType":"REGULAR","fulfillmentBadges":["Pickup","Delivery"],"fulfillmentSpeed":null,"fulfillmentType":"STORE","id":"49933131","image":"https://i5.walmartimages.com/asr/bca180d6-c82b-4a0b-a6c7-78b1852500e7.6e6cd3bc63c24028307628479b99f036.jpeg","isEarlyAccessItem":false,"isOutOfStock":false,"maxVisibleSwatchCount":4,"name":"Chandon Brut Sparkling Wine French Region 750ml Glass Bottle","groupMetaData":null,"itemType":null,"pac":null,"offerId":"B4D5FCF40AC541B69FAADEBFC796CB11","sellerId":"F55CDC31AB754BB68FE0B39041159D63","showSubscribe":false,"sellerName":null,"salesUnitType":"EACH","weightIncrement":1,"hasSellerBadge":null,"preOrder":{"streetDate":null,"streetDateDisplayable":null,"streetDateType":null,"isPreOrder":false,"preOrderMessage":null,"preOrderStreetDateMessage":null},"price":20.98,"priceInfo":{"linePrice":"$20.98","priceDisplayCondition":null,"unitPrice":"82.6 ¢/fl oz","priceRangeString":"","subscriptionString":"","linePriceDisplay":"$20.98","eaPricingPreText":""},"usItemId":"49933131","variantList":[],"isVariantTypeSwatch":false,"type":"REGULAR","rating":{"averageRating":4.7,"numberOfReviews":20},"sponsoredProduct":null,"isSponsoredFlag":false,"brand":"CHANDON","canonicalUrl":"/ip/Chandon-Brut-Sparkling-Wine-French-Region-750ml-Glass-Bottle/49933131?athcpid=49933131\u0026athpgid=AthenaContentPage_8604954\u0026athcgid=null\u0026athznid=ItemCarousel_d5cfaf21-fd81-4402-bcb3-aa52908d5fac_items\u0026athieid=v0\u0026athstid=CS020\u0026athguid=fZ0TNvxS86RnhOIMqZXwWGGGu40sBHjwnBkn\u0026athancid=null\u0026athena=true"},{"canAddToCart":true,"showOptions":false,"badge":{"id":"L1600","text":"Best seller","key":"BESTSELLER","type":"LABEL","rank":1,"styleId":null},"badgeGroups":[],"badges":{"flags":[{"key":"BESTSELLER","text":"Best seller","type":"LABEL","id":"L1600","rank":1,"styleId":null}],"labels":[],"tags":[{"key":"PICKUP","text":"Pickup","id":"L1001","rank":null},{"key":"DELIVERY","text":"Delivery","id":"L1002","rank":null}],"groups":[]},"earlyAccessEvent":false,"eventAttributes":{"specialBuy":false,"priceFlip":false},"flag":"Best seller","classType":"REGULAR","fulfillmentBadges":["Pickup","Delivery"],"fulfillmentSpeed":null,"fulfillmentType":"STORE","id":"178233825","image":"https://i5.walmartimages.com/asr/c8b8625f-58bc-4692-99a8-42f5c3962ba8.8d98a85724d1dea55583d5dadad1c9cd.jpeg","isEarlyAccessItem":false,"isOutOfStock":false,"maxVisibleSwatchCount":4,"name":"Black Box Pinot Noir, California Red Wine, Single 3 Liter Box","groupMetaData":null,"itemType":null,"pac":null,"offerId":"367A8C3BEBBB4A99B1DB7ED13E8A6E7A","sellerId":"F55CDC31AB754BB68FE0B39041159D63","showSubscribe":false,"sellerName":null,"salesUnitType":"EACH","weightIncrement":1,"hasSellerBadge":null,"preOrder":{"streetDate":null,"streetDateDisplayable":null,"streetDateType":null,"isPreOrder":false,"preOrderMessage":null,"preOrderStreetDateMessage":null},"price":18.97,"priceInfo":{"linePrice":"$18.97","priceDisplayCondition":null,"unitPrice":"18.7 ¢/fl oz","priceRangeString":"","subscriptionString":"","linePriceDisplay":"$18.97","eaPricingPreText":""},"usItemId":"178233825","variantList":[],"isVariantTypeSwatch":false,"type":"REGULAR","rating":{"averageRating":4.7,"numberOfReviews":6},"sponsoredProduct":null,"isSponsoredFlag":false,"brand":"Black Box Wines","canonicalUrl":"/ip/Black-Box-Pinot-Noir-California-Red-Wine-Single-3-Liter-Box/178233825?athcpid=178233825\u0026athpgid=AthenaContentPage_8604954\u0026athcgid=null\u0026athznid=ItemCarousel_d5cfaf21-fd81-4402-bcb3-aa52908d5fac_items\u0026athieid=v0\u0026athstid=CS020\u0026athguid=fZ0TNvxS86RnhOIMqZXwWGGGu40sBHjwnBkn\u0026athancid=null\u0026athena=true\u0026athbdg=L1600"},{"canAddToCart":true,"showOptions":false,"badge":null,"badgeGroups":[],"badges":{"flags":null,"labels":[],"tags":[{"key":"PICKUP","text":"Pickup","id":"L1001","rank":null},{"key":"DELIVERY","text":"Delivery","id":"L1002","rank":null}],"groups":[]},"earlyAccessEvent":false,"eventAttributes":{"specialBuy":false,"priceFlip":false},"flag":"","classType":"REGULAR","fulfillmentBadges":["Pickup","Delivery"],"fulfillmentSpeed":null,"fulfillmentType":"STORE","id":"136191223","image":"https://i5.walmartimages.com/asr/ba96b6f6-58b4-4cc8-915b-b71dafdb43ac.0e737bec4ac66c1efad4c77adb3d95ea.jpeg","isEarlyAccessItem":false,"isOutOfStock":false,"maxVisibleSwatchCount":4,"name":"14 Hands Washington Cabernet Sauvignon Red Wine, 750 ml Bottle, 13.5% ABV","groupMetaData":null,"itemType":null,"pac":null,"offerId":"29D52158794B47C99BD64378C7DA85FE","sellerId":"F55CDC31AB754BB68FE0B39041159D63","showSubscribe":false,"sellerName":null,"salesUnitType":"EACH","weightIncrement":1,"hasSellerBadge":null,"preOrder":{"streetDate":null,"streetDateDisplayable":null,"streetDateType":null,"isPreOrder":false,"preOrderMessage":null,"preOrderStreetDateMessage":null},"price":10.48,"priceInfo":{"linePrice":"$10.48","priceDisplayCondition":null,"unitPrice":"41.3 ¢/fl oz","priceRangeString":"","subscriptionString":"","linePriceDisplay":"$10.48","eaPricingPreText":""},"usItemId":"136191223","variantList":[],"isVariantTypeSwatch":false,"type":"REGULAR","rating":{"averageRating":4.7,"numberOfReviews":48},"sponsoredProduct":null,"isSponsoredFlag":false,"brand":"14 Hands","canonicalUrl":"/ip/14-Hands-Washington-Cabernet-Sauvignon-Red-Wine-750-ml-Bottle-13-5-ABV/136191223?athcpid=136191223\u0026athpgid=AthenaContentPage_8604954\u0026athcgid=null\u0026athznid=ItemCarousel_d5cfaf21-fd81-4402-bcb3-aa52908d5fac_items\u0026athieid=v0\u0026athstid=CS020\u0026athguid=fZ0TNvxS86RnhOIMqZXwWGGGu40sBHjwnBkn\u0026athancid=null\u0026athena=true"},{"canAddToCart":true,"showOptions":false,"badge":{"id":"L1600","text":"Best seller","key":"BESTSELLER","type":"LABEL","rank":1,"styleId":null},"badgeGroups":[],"badges":{"flags":[{"key":"BESTSELLER","text":"Best seller","type":"LABEL","id":"L1600","rank":1,"styleId":null}],"labels":[],"tags":[{"key":"PICKUP","text":"Pickup","id":"L1001","rank":null},{"key":"DELIVERY","text":"Delivery","id":"L1002","rank":null}],"groups":[]},"earlyAccessEvent":false,"eventAttributes":{"specialBuy":false,"priceFlip":false},"flag":"Best seller","classType":"REGULAR","fulfillmentBadges":["Pickup","Delivery"],"fulfillmentSpeed":null,"fulfillmentType":"STORE","id":"143002881","image":"https://i5.walmartimages.com/asr/b3b20417-b5b2-42cb-8f04-d9f3ef58fef4.6365efc574f70206257aecf1ab9a9f2c.jpeg","isEarlyAccessItem":false,"isOutOfStock":false,"maxVisibleSwatchCount":4,"name":"Barefoot Riesling California White Wine, 1.5 Liter Glass Bottle","groupMetaData":null,"itemType":null,"pac":null,"offerId":"68486ACB5109486B9D815F36A9C6A9BC","sellerId":"F55CDC31AB754BB68FE0B39041159D63","showSubscribe":false,"sellerName":null,"salesUnitType":"EACH","weightIncrement":1,"hasSellerBadge":null,"preOrder":{"streetDate":null,"streetDateDisplayable":null,"streetDateType":null,"isPreOrder":false,"preOrderMessage":null,"preOrderStreetDateMessage":null},"price":9.98,"priceInfo":{"linePrice":"$9.98","priceDisplayCondition":null,"unitPrice":"19.7 ¢/fl oz","priceRangeString":"","subscriptionString":"","linePriceDisplay":"$9.98","eaPricingPreText":""},"usItemId":"143002881","variantList":[],"isVariantTypeSwatch":false,"type":"REGULAR","rating":{"averageRating":4.5,"numberOfReviews":20},"sponsoredProduct":null,"isSponsoredFlag":false,"brand":"Barefoot","canonicalUrl":"/ip/Barefoot-Riesling-California-White-Wine-1-5-Liter-Glass-Bottle/143002881?athcpid=143002881\u0026athpgid=AthenaContentPage_8604954\u0026athcgid=null\u0026athznid=ItemCarousel_d5cfaf21-fd81-4402-bcb3-aa52908d5fac_items\u0026athieid=v0\u0026athstid=CS020\u0026athguid=fZ0TNvxS86RnhOIMqZXwWGGGu40sBHjwnBkn\u0026athancid=null\u0026athena=true\u0026athbdg=L1600"}]}},"publishedDate":1700095630212,"moduleId":"d5cfaf21-fd81-4402-bcb3-aa52908d5fac","module_id":"d5cfaf21-fd81-4402-bcb3-aa52908d5fac","matchedTrigger":{"pageType":"ContentPage","pageId":"8604954","zone":"contentZone4","inheritable":false}},{"name":"Shop by Brand - Wine H\u0026S - TLP 10.21","type":"HubSpokesNxM","version":22,"status":"published","schedule":{"start":null,"end":null,"priority":1,"expEnabled":false},"triggers":[{"pageType":"ContentPage","pageId":"8604954","zone":"contentZone27","inheritable":false},{"pageType":"ContentPage","pageId":"8113561","zone":"contentZone9","inheritable":false}],"configs":{"__typename":"TempoWM_GLASSWWWHubSpokesNxMConfigs","headingText":"Wine brands","suppressCTA":"False","colNumber":"Six","rows4":null,"rows6":[{"__typename":"TempoWM_GLASSWWWHubSpokesNxMConfigsRows6","categories":[{"name":"14 hands","image":{"alt":"14 hands Logo","assetId":"41e16200-767e-11ed-a2b9-fb4858db1619","assetName":"STE_CO1413_walmrt_logo_resize580_14H.jpg","src":"https://i5.walmartimages.com/dfw/4ff9c6c9-ed37/k2-_67e4e689-19d5-47f2-9aa8-199485287d5f.v1.jpg","clickThrough":{"value":"https://www.walmart.com/cp/14-hands/9473391?povid=976759_hubspoke_8604954_Winebrands_14hands_Rweb_Oct_27"}}},{"name":"19 Crimes","image":{"alt":"19 Crimes Logo","assetId":"f69117b0-5179-11ed-ae16-0b96cf1a6ee3","assetName":"19 Crimes Logo 580x580.jpg","src":"https://i5.walmartimages.com/dfw/4ff9c6c9-aa52/k2-_99166613-a5e4-44df-a7f6-62c0857396c5.v1.jpg","clickThrough":{"value":"https://www.walmart.com/cp/19-crimes/9346726?povid=976759_hubspoke_8604954_Winebrands_19Crimes_Rweb_Oct_27"}}},{"name":"André","image":{"alt":"André Logo","assetId":"c0692d70-3087-11ed-8423-657f563ef018","assetName":"Andre Logo 580x580 copy.jpg","src":"https://i5.walmartimages.com/dfw/4ff9c6c9-cda0/k2-_20d1dcb8-7466-4aea-830b-6cf0ff5ebb48.v1.jpg","clickThrough":{"value":"https://www.walmart.com/search?q=andre+champagne\u0026povid=976759_hubspoke_8604954_Winebrands_Andre_Rweb_Oct_27"}}},{"name":"Apothic","image":{"alt":"Apothic Logo","assetId":"ffc8c9a0-5ed4-11ed-8484-d5c9b4754986","assetName":"Logos-APT-580x580-2.jpg","src":"https://i5.walmartimages.com/dfw/4ff9c6c9-acbf/k2-_44e8428f-712a-4e40-bc5c-364d2cfdf245.v1.jpg","clickThrough":{"value":"https://www.walmart.com/cp/apothic/5164077?povid=976759_hubspoke_8604954_Winebrands_Apothic_Rweb_Oct_27"}}},{"name":"Austin Hope","image":{"alt":"Austin Hope Logo","assetId":"c52fb830-5ed4-11ed-a87f-71b968a89549","assetName":"AustinHope-PasoRobles_LOGO_LightBackGround-01.png","src":"https://i5.walmartimages.com/dfw/4ff9c6c9-1adc/k2-_227559fb-5572-4d35-868d-b142342a33c6.v1.png","clickThrough":{"value":"https://www.walmart.com/cp/austin-hope/1397506?povid=976759_hubspoke_8604954_Winebrands_AustinHope_Rweb_Oct_27"}}},{"name":"Barefoot","image":{"alt":"Barefoot Logo","assetId":"d5138d60-3087-11ed-b262-4d8f9914424b","assetName":"Barefoot Logo 580x580 copy.jpg","src":"https://i5.walmartimages.com/dfw/4ff9c6c9-2cdf/k2-_0b03e512-aea4-4aba-a887-a8d009e60279.v1.jpg","clickThrough":{"value":"https://www.walmart.com/cp/barefoot-wine/2273303?povid=976759_hubspoke_8604954_Winebrands_Barefoot_Rweb_Oct_27"}}}]},{"__typename":"TempoWM_GLASSWWWHubSpokesNxMConfigsRows6","categories":[{"name":"Black Box","image":{"alt":"Black Box Logo","assetId":"0f58b470-5ed5-11ed-a87f-71b968a89549","assetName":"Logos-BBX-580x580-2.jpg","src":"https://i5.walmartimages.com/dfw/4ff9c6c9-68eb/k2-_e8d18e95-c6ac-4f3d-bc82-9ec755df8a63.v1.jpg","clickThrough":{"value":"https://www.walmart.com/cp/black-box-wines/6669549?povid=976759_hubspoke_8604954_Winebrands_BlackBox_Rweb_Oct_27"}}},{"name":"Bonterra","image":{"alt":"Bonterra Logo","assetId":"7557ee70-d4a6-11ed-8dc5-d77172b469b0","assetName":"Bonterra only-Logo-cmyk-Gray_2022-580x580.png","src":"https://i5.walmartimages.com/dfw/4ff9c6c9-4c82/k2-_05a7219c-ba1d-47dc-86b3-2f5a6777ad48.v1.png","clickThrough":{"value":"https://www.walmart.com/cp/bonterra/9689004?povid=976759_hubspoke_8604954_Winebrands_Bonterra_Rweb_Oct_27"}}},{"name":"Bota Box","image":{"alt":"Bota Box Logo","assetId":"011903f0-517a-11ed-ae16-0b96cf1a6ee3","assetName":"Bota Box Logo 580x580.png","src":"https://i5.walmartimages.com/dfw/4ff9c6c9-514b/k2-_fa177732-bc3b-42ab-a494-d9aaca2f6e67.v1.png","clickThrough":{"value":"https://www.walmart.com/cp/bota-box/2965249?povid=976759_hubspoke_8604954_Winebrands_BotaBox_Rweb_Oct_27"}}},{"name":"Cavit","image":{"alt":"Cavit logo","assetId":"a21ecaa0-d4a6-11ed-8dc5-d77172b469b0","assetName":"CavitWalmartLogo.png","src":"https://i5.walmartimages.com/dfw/4ff9c6c9-8c63/k2-_acc8eaa1-80b5-49a1-969a-d198d904a5ea.v1.png","clickThrough":{"value":"https://www.walmart.com/cp/cavit/3465469?povid=976759_hubspoke_8604954_Winebrands_Cavit_Rweb_Oct_27"}}},{"name":"Chandon","image":{"alt":"Chandon Logo","assetId":"e03458a0-d4a6-11ed-8fd0-132646a8d24d","assetName":"Chandon Logo - Black - Square.png","src":"https://i5.walmartimages.com/dfw/4ff9c6c9-8a7e/k2-_c60a5159-cf42-4212-8fa1-1e90bac14fa3.v1.png","clickThrough":{"value":"https://www.walmart.com/cp/chandon/9222207?povid=976759_hubspoke_8604954_Winebrands_Chandon_Rweb_Oct_27"}}},{"name":"Chateau Ste Michelle","image":{"alt":"Chateau Ste Michelle Logo","assetId":"5093e520-767e-11ed-a87f-71b968a89549","assetName":"STE_CO1413_walmrt_logo_resize580_CSM.jpg","src":"https://i5.walmartimages.com/dfw/4ff9c6c9-1b4d/k2-_e6d1754d-12fb-4608-97b0-405d7f3655df.v1.jpg","clickThrough":{"value":"https://www.walmart.com/cp/chateau-ste-michelle/7292198?povid=976759_hubspoke_8604954_Winebrands_ChateauSteMichelle_Rweb_Oct_27"}}}]},{"__typename":"TempoWM_GLASSWWWHubSpokesNxMConfigsRows6","categories":[{"name":"Clos du Bois","image":{"alt":"Clos du Bois logo","assetId":"c13efb20-7cd2-11ed-b759-818fe03f39ad","assetName":"Clos du Bois Brand Page Logo.png","src":"https://i5.walmartimages.com/dfw/4ff9c6c9-bc6f/k2-_e6814365-398a-470f-a8bf-96ce7303bb99.v1.png","clickThrough":{"value":"https://www.walmart.com/cp/clos-du-bois/2373175?povid=976759_hubspoke_8604954_Winebrands_ClosduBois_Rweb_Oct_27"}}},{"name":"Coppola","image":{"alt":"Coppola logo","assetId":"eb1dcb70-3087-11ed-bc78-778ff0eb3046","assetName":"Coppola Logo 580x580 copy.jpg","src":"https://i5.walmartimages.com/dfw/4ff9c6c9-d2ab/k2-_91409515-1a76-453b-8739-d55be8c358ad.v1.jpg","clickThrough":{"value":"https://www.walmart.com/cp/coppola/8975100?povid=976759_hubspoke_8604954_Winebrands_Coppola_Rweb_Oct_27"}}},{"name":"Cupcake Vineyards","image":{"alt":"Cupcake Vineyards Logo","assetId":"cca071c0-d4a6-11ed-8136-c92b461e1060","assetName":"CupCake_Reworked Logo_580x580_2023_R1.jpg","src":"https://i5.walmartimages.com/dfw/4ff9c6c9-4537/k2-_e85c69c3-6ba9-47f2-9976-441f11bf2793.v1.jpg","clickThrough":{"value":"https://www.walmart.com/cp/cupcake-vineyards/3477475?povid=976759_hubspoke_8604954_Winebrands_CupcakeVineyards_Rweb_Oct_27"}}},{"name":"Daou","image":{"alt":"Daou logo","assetId":"0b92bf60-517a-11ed-b1f0-bf2fa6d44940","assetName":"Daou Logo 580x580.jpg","src":"https://i5.walmartimages.com/dfw/4ff9c6c9-7b2d/k2-_20cb5198-fe48-4a96-8ccb-0ae0a2025950.v1.jpg","clickThrough":{"value":"https://www.walmart.com/cp/daou-vineyards/8252349?povid=976759_hubspoke_8604954_Winebrands_Daou_Rweb_Oct_27"}}},{"name":"Decoy","image":{"alt":"Decoy Logo","assetId":"106d4550-517a-11ed-ae16-0b96cf1a6ee3","assetName":"Decoy Logo 580x580.jpg","src":"https://i5.walmartimages.com/dfw/4ff9c6c9-be43/k2-_6afe4ca4-f296-4ab6-8442-b7fdcb13070d.v1.jpg","clickThrough":{"value":"https://www.walmart.com/cp/decoy-wines/5918928?povid=976759_hubspoke_8604954_Winebrands_Decoy_Rweb_Oct_27"}}},{"name":"Earthgrown","image":{"alt":"Earthgrown Logo","assetId":"150df690-517a-11ed-8f8a-f977cd9016b3","assetName":"Earthgrown Logo 580x580.jpg","src":"https://i5.walmartimages.com/dfw/4ff9c6c9-360a/k2-_9814abc1-11fa-4b3e-8480-e35741f52b51.v1.jpg","clickThrough":{"value":"https://www.walmart.com/cp/earthgrown/7337758?povid=976759_hubspoke_8604954_Winebrands_Earthgrown_Rweb_Oct_27"}}}]},{"__typename":"TempoWM_GLASSWWWHubSpokesNxMConfigsRows6","categories":[{"name":"Freixenet","image":{"alt":"Freixenet Logo","assetId":"3d21ac20-0ac7-11ed-80e7-b1f69c012e33","assetName":"Freixenet Logo 580x580 copy edited.png","src":"https://i5.walmartimages.com/dfw/4ff9c6c9-a20b/k2-_2460c355-e6f3-479c-b6a3-41d9e8a5ef82.v1.png","clickThrough":{"value":"https://www.walmart.com/cp/freixenet/6189796?povid=976759_hubspoke_8604954_Winebrands_Freixenet_Rweb_Oct_27"}}},{"name":"Joel Gott","image":{"alt":"Joel Gott Logo","assetId":"3aeb1be0-517a-11ed-b1f0-bf2fa6d44940","assetName":"Joel Gott Logo 580x580.jpg","src":"https://i5.walmartimages.com/dfw/4ff9c6c9-6bf2/k2-_7056d067-d3d2-4c77-8224-d83770f7a353.v1.jpg","clickThrough":{"value":"https://www.walmart.com/cp/joel-gott/7281413?povid=976759_hubspoke_8604954_Winebrands_JoelGott_Rweb_Oct_27"}}},{"name":"Josh Cellars","image":{"alt":"Josh Cellars logo","assetId":"5e6e9af0-0ac7-11ed-b4e5-07f94a0bdc79","assetName":"Josh Cellars Logo 580x580 copy edited.jpg","src":"https://i5.walmartimages.com/dfw/4ff9c6c9-7104/k2-_0eb14965-4af3-4759-b88c-71ca47537ae3.v1.jpg","clickThrough":{"value":"https://www.walmart.com/cp/josh-cellars/6085300?povid=976759_hubspoke_8604954_Winebrands_JoshCellars_Rweb_Oct_27"}}},{"name":"Kendall-Jackson","image":{"alt":"Kendall-Jackson Logo","assetId":"65a9f440-0ac7-11ed-9f96-c9abec8312b6","assetName":"Kendall-Jackson Logo 580x580 copy edited.jpg","src":"https://i5.walmartimages.com/dfw/4ff9c6c9-4af5/k2-_57bf90f4-4897-4f15-9850-6ca2d5cf48e2.v1.jpg","clickThrough":{"value":"https://www.walmart.com/cp/kendall-jackson/5428466?povid=976759_hubspoke_8604954_Winebrands_KendallJackson_Rweb_Oct_27"}}},{"name":"Korbel","image":{"alt":"Korbel Logo","assetId":"346255d0-767e-11ed-9da9-07358b19a998","assetName":"Korbel_Primary_Logo 580x580.jpg","src":"https://i5.walmartimages.com/dfw/4ff9c6c9-f9f8/k2-_1b59d559-5dce-4fb7-b539-91bbeaa430e4.v1.jpg","clickThrough":{"value":"https://www.walmart.com/cp/korbel/9109923?povid=976759_hubspoke_8604954_Winebrands_Korbel_Rweb_Oct_27"}}},{"name":"La Crema","image":{"alt":"La Crema Logo","assetId":"6c22c0e0-0ac7-11ed-84bc-8d5575f635ca","assetName":"La Crema 580x580 Logo copy edited.jpg","src":"https://i5.walmartimages.com/dfw/4ff9c6c9-4bbc/k2-_99f7515d-2ce3-4e8f-93a9-fd55fd6e7460.v1.jpg","clickThrough":{"value":"https://www.walmart.com/cp/la-crema/2664155?povid=976759_hubspoke_8604954_Winebrands_LaCrema_Rweb_Oct_27"}}}]},{"__typename":"TempoWM_GLASSWWWHubSpokesNxMConfigsRows6","categories":[{"name":"La Marca","image":{"alt":"La Marca Logo","assetId":"27081700-5ed5-11ed-aa89-97d956c3c58f","assetName":"Logos-LAM-580x580-2.jpg","src":"https://i5.walmartimages.com/dfw/4ff9c6c9-ffae/k2-_a1dec396-2257-4049-a4a8-5d885dd29fca.v1.jpg","clickThrough":{"value":"https://www.walmart.com/cp/la-marca/1267392?povid=976759_hubspoke_8604954_Winebrands_LaMarca_Rweb_Oct_27"}}},{"name":"Liberty Creek","image":{"alt":"Liberty Creek Logo","assetId":"0273ca80-7cd3-11ed-a941-43c681b6e83a","assetName":"Liberty Creek Brand Page Logo.png","src":"https://i5.walmartimages.com/dfw/4ff9c6c9-6a58/k2-_f8443ad2-28a0-4c79-b29f-9ed58311def7.v1.png","clickThrough":{"value":"https://www.walmart.com/search?q=Liberty+creek\u0026povid=976759_hubspoke_8604954_Winebrands_LibertyCreek_Rweb_Oct_27"}}},{"name":"Mark West","image":{"alt":"Mark West logo","assetId":"24898790-7cd3-11ed-8b82-7d2f23a3beee","assetName":"Mark West Brand Page Logo.png","src":"https://i5.walmartimages.com/dfw/4ff9c6c9-fd79/k2-_154dc2bf-8b6d-449b-a67b-e81c130f575a.v1.png","clickThrough":{"value":"https://www.walmart.com/cp/mark-west/4067319https://www.walmart.com/cp/mark-west/4067319?povid=976759_hubspoke_8604954_Winebrands_MarkWest_Rweb_Oct_27"}}},{"name":"Ménage à Trois","image":{"alt":"Ménage à Trois Logo","assetId":"10944de0-ff3f-11ec-80e7-b1f69c012e33","assetName":"Menage a Trois Logo copy edited.jpg","src":"https://i5.walmartimages.com/dfw/4ff9c6c9-d2f7/k2-_775aa16e-ca28-45e5-a7d1-9f22125a5686.v1.jpg","clickThrough":{"value":"https://www.walmart.com/cp/menage-a-trois-wines/4280327?povid=976759_hubspoke_8604954_Winebrands_MenageaTrois_Rweb_Oct_27"}}},{"name":"Moet \u0026 Chandon","image":{"alt":"Moet \u0026 Chandon logo","assetId":"78d7e530-654f-11ed-bd03-bd25bed05a9b","assetName":"M \u0026 C LOGO- 580x580.png","src":"https://i5.walmartimages.com/dfw/4ff9c6c9-3308/k2-_8c1aa68f-82ca-43fd-95f9-ae336297b6d6.v1.png","clickThrough":{"value":"https://www.walmart.com/cp/moet-chandon/5965800?povid=976759_hubspoke_8604954_Winebrands_MoetandChandon_Rweb_Oct_27"}}},{"name":"Mumm Napa","image":{"alt":"Mumm Napa logo","assetId":"34558440-d4a7-11ed-8dc5-d77172b469b0","assetName":"FY23_MummNapa_Masterbrand_Logo_ContentCloudWM2-removebg-preview.png","src":"https://i5.walmartimages.com/dfw/4ff9c6c9-289c/k2-_fa8e4e48-cd97-4ee7-aaa8-73367a013d59.v1.png","clickThrough":{"value":"https://www.walmart.com/cp/mumm-champagne/8982894?povid=976759_hubspoke_8604954_Winebrands_MummNapa_Rweb_Oct_27"}}}]}]},"publishedDate":1698411548926,"moduleId":"7d3d3b1c-7a2c-4dc8-890d-5b3be223e3fb","module_id":"7d3d3b1c-7a2c-4dc8-890d-5b3be223e3fb","matchedTrigger":{"pageType":"ContentPage","pageId":"8604954","zone":"contentZone27","inheritable":false}},{"name":"Spirits aged item carousel - desktop - TLP 11.23","type":"ItemCarousel","version":5,"status":"published","schedule":{"start":null,"end":null,"priority":1,"expEnabled":false},"triggers":[{"pageType":"ContentPage","pageId":"8604954","zone":"contentZone17","inheritable":false}],"configs":{"__typename":"TempoWM_GLASSWWWItemCarouselConfigsV1","type":null,"title":"Spirits-aged wines","subTitle":null,"viewAllLink":null,"spBeaconInfo":null,"tileOptions":null,"productsConfig":{"products":null}},"publishedDate":1691462712944,"moduleId":"6cc4fddf-c612-49c4-9660-dfadd622e020","module_id":"6cc4fddf-c612-49c4-9660-dfadd622e020","matchedTrigger":{"pageType":"ContentPage","pageId":"8604954","zone":"contentZone17","inheritable":false}},{"name":"Sweet wines carousel - TLP - Web - 12.09","type":"ItemCarousel","version":10,"status":"published","schedule":{"start":null,"end":null,"priority":1,"expEnabled":false},"triggers":[{"pageType":"ContentPage","pageId":"8604954","zone":"contentZone18","inheritable":false}],"configs":{"__typename":"TempoWM_GLASSWWWItemCarouselConfigsV1","type":null,"title":"Sweet wines","subTitle":null,"viewAllLink":{"linkText":"View all","title":"View all","clickThrough":{"type":"url","value":"https://www.walmart.com/browse/food/moscato/976759_2975985_8604954_8749992_6586620?povid=976759_itemcarousel_8604954_Sweetwines_Viewall_Rweb_Dec_6"}},"spBeaconInfo":null,"tileOptions":null,"productsConfig":{"products":[{"canAddToCart":true,"showOptions":false,"badge":null,"badgeGroups":[],"badges":{"flags":null,"labels":[],"tags":[{"key":"PICKUP","text":"Pickup","id":"L1001","rank":null},{"key":"DELIVERY","text":"Delivery","id":"L1002","rank":null}],"groups":[]},"earlyAccessEvent":false,"eventAttributes":{"specialBuy":false,"priceFlip":false},"flag":"","classType":"REGULAR","fulfillmentBadges":["Pickup","Delivery"],"fulfillmentSpeed":null,"fulfillmentType":"STORE","id":"183033891","image":"https://i5.walmartimages.com/asr/a61248ee-519b-4fd6-80ac-5c30ea4d9a7a.f0635b2875ecadc94c6b7b441e5736fc.jpeg","isEarlyAccessItem":false,"isOutOfStock":false,"maxVisibleSwatchCount":4,"name":"Stella Rosa Rosso Semi-Sweet Red Wine, 750ml Glass Bottle, Piedmont Italy, Serving Size 8oz","groupMetaData":null,"itemType":null,"pac":null,"offerId":"406771B957BF4F2C9D52FABE5506BB84","sellerId":"F55CDC31AB754BB68FE0B39041159D63","showSubscribe":false,"sellerName":null,"salesUnitType":"EACH","weightIncrement":1,"hasSellerBadge":null,"preOrder":{"streetDate":null,"streetDateDisplayable":null,"streetDateType":null,"isPreOrder":false,"preOrderMessage":null,"preOrderStreetDateMessage":null},"price":10.98,"priceInfo":{"linePrice":"$10.98","priceDisplayCondition":null,"unitPrice":"43.3 ¢/fl oz","priceRangeString":"","subscriptionString":"","linePriceDisplay":"$10.98","eaPricingPreText":""},"usItemId":"183033891","variantList":[],"isVariantTypeSwatch":false,"type":"REGULAR","rating":{"averageRating":4.9,"numberOfReviews":229},"sponsoredProduct":null,"isSponsoredFlag":false,"brand":"Stella Rosa","canonicalUrl":"/ip/Stella-Rosa-Rosso-Semi-Sweet-Red-Wine-750ml-Glass-Bottle-Piedmont-Italy-Serving-Size-8oz/183033891?athcpid=183033891\u0026athpgid=AthenaContentPage_8604954\u0026athcgid=null\u0026athznid=ItemCarousel_d7642b82-7f47-4e0b-a5fc-de9a29842081_items\u0026athieid=v0\u0026athstid=CS020\u0026athguid=fZ0TNvxS86RnhOIMqZXwWGGGu40sBHjwnBkn\u0026athancid=null\u0026athena=true"},{"canAddToCart":true,"showOptions":false,"badge":null,"badgeGroups":[],"badges":{"flags":null,"labels":[],"tags":[{"key":"PICKUP","text":"Pickup","id":"L1001","rank":null},{"key":"DELIVERY","text":"Delivery","id":"L1002","rank":null}],"groups":[]},"earlyAccessEvent":false,"eventAttributes":{"specialBuy":false,"priceFlip":false},"flag":"","classType":"REGULAR","fulfillmentBadges":["Pickup","Delivery"],"fulfillmentSpeed":null,"fulfillmentType":"STORE","id":"138687972","image":"https://i5.walmartimages.com/asr/1d305c11-d614-40fc-b350-2013475ce53b.9ad8d460e6721b5f84d7e9663b5382d2.jpeg","isEarlyAccessItem":false,"isOutOfStock":false,"maxVisibleSwatchCount":4,"name":"Bartenura Moscato Di Asti Sparkling Wine, 750 mL","groupMetaData":null,"itemType":null,"pac":null,"offerId":"C4280C7AF9E346DC949C3012C94A7391","sellerId":"F55CDC31AB754BB68FE0B39041159D63","showSubscribe":false,"sellerName":null,"salesUnitType":"EACH","weightIncrement":1,"hasSellerBadge":null,"preOrder":{"streetDate":null,"streetDateDisplayable":null,"streetDateType":null,"isPreOrder":false,"preOrderMessage":null,"preOrderStreetDateMessage":null},"price":13.48,"priceInfo":{"linePrice":"$13.48","priceDisplayCondition":null,"unitPrice":"53.1 ¢/fl oz","priceRangeString":"","subscriptionString":"","linePriceDisplay":"$13.48","eaPricingPreText":""},"usItemId":"138687972","variantList":[],"isVariantTypeSwatch":false,"type":"REGULAR","rating":{"averageRating":5,"numberOfReviews":37},"sponsoredProduct":null,"isSponsoredFlag":false,"brand":"Bartenura","canonicalUrl":"/ip/Bartenura-Moscato-Di-Asti-Sparkling-Wine-750-mL/138687972?athcpid=138687972\u0026athpgid=AthenaContentPage_8604954\u0026athcgid=null\u0026athznid=ItemCarousel_d7642b82-7f47-4e0b-a5fc-de9a29842081_items\u0026athieid=v0\u0026athstid=CS020\u0026athguid=fZ0TNvxS86RnhOIMqZXwWGGGu40sBHjwnBkn\u0026athancid=null\u0026athena=true"},{"canAddToCart":true,"showOptions":false,"badge":null,"badgeGroups":[],"badges":{"flags":null,"labels":[],"tags":[{"key":"PICKUP","text":"Pickup","id":"L1001","rank":null},{"key":"DELIVERY","text":"Delivery","id":"L1002","rank":null}],"groups":[]},"earlyAccessEvent":false,"eventAttributes":{"specialBuy":false,"priceFlip":false},"flag":"","classType":"REGULAR","fulfillmentBadges":["Pickup","Delivery"],"fulfillmentSpeed":null,"fulfillmentType":"STORE","id":"101158189","image":"https://i5.walmartimages.com/asr/9b01e4d5-a227-46a4-885d-c40b709703b6.804981e32b94bc864b84aaa17427c458.jpeg","isEarlyAccessItem":false,"isOutOfStock":false,"maxVisibleSwatchCount":4,"name":"Stella Rosa Red Semi-Sweet Semi-Sparkling Red Wine, 750ml Glass Bottle, Piedmont, Italy","groupMetaData":null,"itemType":null,"pac":null,"offerId":"2A8FAE6BE6BA4E2AABCEB43D1AA5442A","sellerId":"F55CDC31AB754BB68FE0B39041159D63","showSubscribe":false,"sellerName":null,"salesUnitType":"EACH","weightIncrement":1,"hasSellerBadge":null,"preOrder":{"streetDate":null,"streetDateDisplayable":null,"streetDateType":null,"isPreOrder":false,"preOrderMessage":null,"preOrderStreetDateMessage":null},"price":10.98,"priceInfo":{"linePrice":"$10.98","priceDisplayCondition":null,"unitPrice":"43.3 ¢/fl oz","priceRangeString":"","subscriptionString":"","linePriceDisplay":"$10.98","eaPricingPreText":""},"usItemId":"101158189","variantList":[],"isVariantTypeSwatch":false,"type":"REGULAR","rating":{"averageRating":4.9,"numberOfReviews":139},"sponsoredProduct":null,"isSponsoredFlag":false,"brand":"Stella Rosa","canonicalUrl":"/ip/Stella-Rosa-Red-Semi-Sweet-Semi-Sparkling-Red-Wine-750ml-Glass-Bottle-Piedmont-Italy/101158189?athcpid=101158189\u0026athpgid=AthenaContentPage_8604954\u0026athcgid=null\u0026athznid=ItemCarousel_d7642b82-7f47-4e0b-a5fc-de9a29842081_items\u0026athieid=v0\u0026athstid=CS020\u0026athguid=fZ0TNvxS86RnhOIMqZXwWGGGu40sBHjwnBkn\u0026athancid=null\u0026athena=true"},{"canAddToCart":true,"showOptions":false,"badge":null,"badgeGroups":[],"badges":{"flags":null,"labels":[],"tags":[{"key":"PICKUP","text":"Pickup","id":"L1001","rank":null},{"key":"DELIVERY","text":"Delivery","id":"L1002","rank":null}],"groups":[]},"earlyAccessEvent":false,"eventAttributes":{"specialBuy":false,"priceFlip":false},"flag":"","classType":"REGULAR","fulfillmentBadges":["Pickup","Delivery"],"fulfillmentSpeed":null,"fulfillmentType":"STORE","id":"141267848","image":"https://i5.walmartimages.com/asr/e4505711-af1f-4b62-b0ae-a28955b5cfee.6ea9392aadc3035191f76dfa9c1f7119.jpeg","isEarlyAccessItem":false,"isOutOfStock":false,"maxVisibleSwatchCount":4,"name":"Chateau Ste. Michelle Washington Harvest Select Riesling Sweet White Wine, 750 ml Bottle","groupMetaData":null,"itemType":null,"pac":null,"offerId":"1D8CF3DFE99F40089C2939C0E6977511","sellerId":"F55CDC31AB754BB68FE0B39041159D63","showSubscribe":false,"sellerName":null,"salesUnitType":"EACH","weightIncrement":1,"hasSellerBadge":null,"preOrder":{"streetDate":null,"streetDateDisplayable":null,"streetDateType":null,"isPreOrder":false,"preOrderMessage":null,"preOrderStreetDateMessage":null},"price":8.98,"priceInfo":{"linePrice":"$8.98","priceDisplayCondition":null,"unitPrice":"35.4 ¢/fl oz","priceRangeString":"","subscriptionString":"","linePriceDisplay":"$8.98","eaPricingPreText":""},"usItemId":"141267848","variantList":[],"isVariantTypeSwatch":false,"type":"REGULAR","rating":{"averageRating":5,"numberOfReviews":2},"sponsoredProduct":null,"isSponsoredFlag":false,"brand":"Chateau Ste. Michelle","canonicalUrl":"/ip/Chateau-Ste-Michelle-Washington-Harvest-Select-Riesling-Sweet-White-Wine-750-ml-Bottle/141267848?athcpid=141267848\u0026athpgid=AthenaContentPage_8604954\u0026athcgid=null\u0026athznid=ItemCarousel_d7642b82-7f47-4e0b-a5fc-de9a29842081_items\u0026athieid=v0\u0026athstid=CS020\u0026athguid=fZ0TNvxS86RnhOIMqZXwWGGGu40sBHjwnBkn\u0026athancid=null\u0026athena=true"},{"canAddToCart":true,"showOptions":false,"badge":{"id":"L1600","text":"Best seller","key":"BESTSELLER","type":"LABEL","rank":1,"styleId":null},"badgeGroups":[],"badges":{"flags":[{"key":"BESTSELLER","text":"Best seller","type":"LABEL","id":"L1600","rank":1,"styleId":null}],"labels":[],"tags":[{"key":"PICKUP","text":"Pickup","id":"L1001","rank":null},{"key":"DELIVERY","text":"Delivery","id":"L1002","rank":null}],"groups":[]},"earlyAccessEvent":false,"eventAttributes":{"specialBuy":false,"priceFlip":false},"flag":"Best seller","classType":"REGULAR","fulfillmentBadges":["Pickup","Delivery"],"fulfillmentSpeed":null,"fulfillmentType":"STORE","id":"194263226","image":"https://i5.walmartimages.com/asr/9f9d1c52-86c0-4430-909f-9dd6e8fd0572.2654160486107c184fc441daaa1022f4.jpeg","isEarlyAccessItem":false,"isOutOfStock":false,"maxVisibleSwatchCount":4,"name":"Stella Rosa Moscato d'Asti Semi-Sweet White Wine 750ml Glass Bottle DOCG Piedmont Italy Serving Size 6oz","groupMetaData":null,"itemType":null,"pac":null,"offerId":"459BEC50780A436DBFC4B239A3041024","sellerId":"F55CDC31AB754BB68FE0B39041159D63","showSubscribe":false,"sellerName":null,"salesUnitType":"EACH","weightIncrement":1,"hasSellerBadge":null,"preOrder":{"streetDate":null,"streetDateDisplayable":null,"streetDateType":null,"isPreOrder":false,"preOrderMessage":null,"preOrderStreetDateMessage":null},"price":10.98,"priceInfo":{"linePrice":"$10.98","priceDisplayCondition":null,"unitPrice":"43.2 ¢/fl oz","priceRangeString":"","subscriptionString":"","linePriceDisplay":"$10.98","eaPricingPreText":""},"usItemId":"194263226","variantList":[],"isVariantTypeSwatch":false,"type":"REGULAR","rating":{"averageRating":4.8,"numberOfReviews":98},"sponsoredProduct":null,"isSponsoredFlag":false,"brand":"Stella Rosa","canonicalUrl":"/ip/Stella-Rosa-Moscato-d-Asti-Semi-Sweet-White-Wine-750ml-Glass-Bottle-DOCG-Piedmont-Italy-Serving-Size-6oz/194263226?athcpid=194263226\u0026athpgid=AthenaContentPage_8604954\u0026athcgid=null\u0026athznid=ItemCarousel_d7642b82-7f47-4e0b-a5fc-de9a29842081_items\u0026athieid=v0\u0026athstid=CS020\u0026athguid=fZ0TNvxS86RnhOIMqZXwWGGGu40sBHjwnBkn\u0026athancid=null\u0026athena=true\u0026athbdg=L1600"},{"canAddToCart":true,"showOptions":false,"badge":null,"badgeGroups":[],"badges":{"flags":null,"labels":[],"tags":[{"key":"PICKUP","text":"Pickup","id":"L1001","rank":null},{"key":"DELIVERY","text":"Delivery","id":"L1002","rank":null}],"groups":[]},"earlyAccessEvent":false,"eventAttributes":{"specialBuy":false,"priceFlip":false},"flag":"","classType":"REGULAR","fulfillmentBadges":["Pickup","Delivery"],"fulfillmentSpeed":null,"fulfillmentType":"STORE","id":"694807873","image":"https://i5.walmartimages.com/asr/69a5a4a5-67af-4359-909b-0cd7610caa41.3b9084ee08579e00799f6cab150cb299.jpeg","isEarlyAccessItem":false,"isOutOfStock":false,"maxVisibleSwatchCount":4,"name":"Winemakers Selection Classic Series Moscato California White Wine, 750 ml Glass, ABV 10.00%","groupMetaData":null,"itemType":null,"pac":null,"offerId":"8690F6C395714ACE9461C1BA92163444","sellerId":"F55CDC31AB754BB68FE0B39041159D63","showSubscribe":false,"sellerName":null,"salesUnitType":"EACH","weightIncrement":1,"hasSellerBadge":null,"preOrder":{"streetDate":null,"streetDateDisplayable":null,"streetDateType":null,"isPreOrder":false,"preOrderMessage":null,"preOrderStreetDateMessage":null},"price":4.96,"priceInfo":{"linePrice":"$4.96","priceDisplayCondition":null,"unitPrice":"19.5 ¢/fl oz","priceRangeString":"","subscriptionString":"","linePriceDisplay":"$4.96","eaPricingPreText":""},"usItemId":"694807873","variantList":[],"isVariantTypeSwatch":false,"type":"REGULAR","rating":{"averageRating":5,"numberOfReviews":1},"sponsoredProduct":null,"isSponsoredFlag":false,"brand":"Winemakers Selection","canonicalUrl":"/ip/Winemakers-Selection-Classic-Series-Moscato-California-White-Wine-750-ml-Glass-ABV-10-00/694807873?athcpid=694807873\u0026athpgid=AthenaContentPage_8604954\u0026athcgid=null\u0026athznid=ItemCarousel_d7642b82-7f47-4e0b-a5fc-de9a29842081_items\u0026athieid=v0\u0026athstid=CS020\u0026athguid=fZ0TNvxS86RnhOIMqZXwWGGGu40sBHjwnBkn\u0026athancid=null\u0026athena=true"},{"canAddToCart":true,"showOptions":false,"badge":{"id":"L1600","text":"Best seller","key":"BESTSELLER","type":"LABEL","rank":1,"styleId":null},"badgeGroups":[],"badges":{"flags":[{"key":"BESTSELLER","text":"Best seller","type":"LABEL","id":"L1600","rank":1,"styleId":null}],"labels":[],"tags":[{"key":"PICKUP","text":"Pickup","id":"L1001","rank":null},{"key":"DELIVERY","text":"Delivery","id":"L1002","rank":null}],"groups":[]},"earlyAccessEvent":false,"eventAttributes":{"specialBuy":false,"priceFlip":false},"flag":"Best seller","classType":"REGULAR","fulfillmentBadges":["Pickup","Delivery"],"fulfillmentSpeed":null,"fulfillmentType":"STORE","id":"578212558","image":"https://i5.walmartimages.com/asr/97553537-5826-40af-bf6d-fb0b6024801f_1.0965e155e6a7d4297012b68fad387429.jpeg","isEarlyAccessItem":false,"isOutOfStock":false,"maxVisibleSwatchCount":4,"name":"Barefoot Fruitscato Strawberry Rose Wine, California, 750ml Glass Bottle","groupMetaData":null,"itemType":null,"pac":null,"offerId":"AC555557886A47868F87879B3809B683","sellerId":"F55CDC31AB754BB68FE0B39041159D63","showSubscribe":false,"sellerName":null,"salesUnitType":"EACH","weightIncrement":1,"hasSellerBadge":null,"preOrder":{"streetDate":null,"streetDateDisplayable":null,"streetDateType":null,"isPreOrder":false,"preOrderMessage":null,"preOrderStreetDateMessage":null},"price":5.98,"priceInfo":{"linePrice":"$5.98","priceDisplayCondition":null,"unitPrice":"23.6 ¢/fl oz","priceRangeString":"","subscriptionString":"","linePriceDisplay":"$5.98","eaPricingPreText":""},"usItemId":"578212558","variantList":[],"isVariantTypeSwatch":false,"type":"REGULAR","rating":{"averageRating":5,"numberOfReviews":4},"sponsoredProduct":null,"isSponsoredFlag":false,"brand":"Barefoot","canonicalUrl":"/ip/Barefoot-Fruitscato-Strawberry-Rose-Wine-California-750ml-Glass-Bottle/578212558?athcpid=578212558\u0026athpgid=AthenaContentPage_8604954\u0026athcgid=null\u0026athznid=ItemCarousel_d7642b82-7f47-4e0b-a5fc-de9a29842081_items\u0026athieid=v0\u0026athstid=CS020\u0026athguid=fZ0TNvxS86RnhOIMqZXwWGGGu40sBHjwnBkn\u0026athancid=null\u0026athena=true\u0026athbdg=L1600"}]}},"publishedDate":1701853550542,"moduleId":"d7642b82-7f47-4e0b-a5fc-de9a29842081","module_id":"d7642b82-7f47-4e0b-a5fc-de9a29842081","matchedTrigger":{"pageType":"ContentPage","pageId":"8604954","zone":"contentZone18","inheritable":false}},{"name":"Walmart Brand Wine-Item Carousel Module-Web-YC-8.7","type":"ItemCarousel","version":3,"status":"published","schedule":{"start":null,"end":null,"priority":1,"expEnabled":false},"triggers":[{"pageType":"ContentPage","pageId":"8604954","zone":"contentZone5","inheritable":false}],"configs":{"__typename":"TempoWM_GLASSWWWItemCarouselConfigsV1","type":null,"title":"Wine essentials","subTitle":null,"viewAllLink":null,"spBeaconInfo":null,"tileOptions":null,"productsConfig":{"products":null}},"publishedDate":1700095625613,"moduleId":"a8d03756-4c58-44e2-ba2d-5309ea2f0a09","module_id":"a8d03756-4c58-44e2-ba2d-5309ea2f0a09","matchedTrigger":{"pageType":"ContentPage","pageId":"8604954","zone":"contentZone5","inheritable":false}},{"name":"Wine CP Featured Brands H\u0026S - Web - 11.17, TLP","type":"HubSpokesNxM","version":10,"status":"published","schedule":{"start":null,"end":null,"priority":1,"expEnabled":false},"triggers":[{"pageType":"ContentPage","pageId":"8604954","zone":"contentZone8","inheritable":false}],"configs":{"__typename":"TempoWM_GLASSWWWHubSpokesNxMConfigs","headingText":"Featured brands","suppressCTA":"False","colNumber":"Six","rows4":null,"rows6":[{"__typename":"TempoWM_GLASSWWWHubSpokesNxMConfigsRows6","categories":[{"name":"La Crema","image":{"alt":"D96 Featured Wine Brands 1 La Crema copy","assetId":"32ee5320-66ca-11ed-bd03-bd25bed05a9b","assetName":"D96 Featured Wine Brands 1 La Crema copy.jpg","src":"https://i5.walmartimages.com/dfw/4ff9c6c9-34ee/k2-_cbc6cf68-9448-4a99-9d7e-c3bf9f28a34e.v1.jpg","clickThrough":{"value":"https://www.walmart.com/cp/2664155?povid=976759_hubspoke_8604954_Featuredbrands_LaCrema_Rweb_Oct_27"}}},{"name":"Daou Vineyards","image":{"alt":"D96 Featured Wine Brands 2 Daou copy","assetId":"3a013ce0-66ca-11ed-8484-d5c9b4754986","assetName":"D96 Featured Wine Brands 2 Daou copy.jpg","src":"https://i5.walmartimages.com/dfw/4ff9c6c9-6db7/k2-_01755333-7640-4a8b-be38-f3dd30d119cb.v1.jpg","clickThrough":{"value":"https://www.walmart.com/cp/8252349?povid=976759_hubspoke_8604954_Featuredbrands_DaouVineyards_Rweb_Oct_27"}}},{"name":"Joel Gott","image":{"alt":"D96 Featured Wine Brands 3 Joel Gott copy","assetId":"3f590920-66ca-11ed-a2b9-fb4858db1619","assetName":"D96 Featured Wine Brands 3 Joel Gott copy.jpg","src":"https://i5.walmartimages.com/dfw/4ff9c6c9-6094/k2-_6c2398cf-d974-4679-a40c-f6bda35f2646.v1.jpg","clickThrough":{"value":"https://www.walmart.com/cp/7281413?povid=976759_hubspoke_8604954_Featuredbrands_JoelGott_Rweb_Oct_27"}}},{"name":"Coppola Diamond Collection","image":{"alt":"D96 Featured Wine Brands 4 Coppola copy","assetId":"46d31920-66ca-11ed-a87f-71b968a89549","assetName":"D96 Featured Wine Brands 4 Coppola copy.jpg","src":"https://i5.walmartimages.com/dfw/4ff9c6c9-b4da/k2-_ade861be-32b7-4b3a-879e-16f62403bed3.v1.jpg","clickThrough":{"value":"https://www.walmart.com/cp/8975100?povid=976759_hubspoke_8604954_Featuredbrands_CoppolaDiamondcollection_Rweb_Oct_27"}}},{"name":"Ménage à Trois","image":{"alt":"D96 Featured Wine Brands 5 MAT copy","assetId":"4d22b2e0-66ca-11ed-aa89-97d956c3c58f","assetName":"D96 Featured Wine Brands 5 MAT copy.jpg","src":"https://i5.walmartimages.com/dfw/4ff9c6c9-ba14/k2-_371e7afe-f8ca-4fc9-a963-e2163a98336c.v1.jpg","clickThrough":{"value":"https://www.walmart.com/cp/4280327?povid=976759_hubspoke_8604954_Featuredbrands_MenageaTrois_Rweb_Oct_27"}}},{"name":"Austin Hope","image":{"alt":"D96 Featured Wine Brands 6 Austin Hope copy","assetId":"546e11c0-66ca-11ed-8484-d5c9b4754986","assetName":"D96 Featured Wine Brands 6 Austin Hope copy.jpg","src":"https://i5.walmartimages.com/dfw/4ff9c6c9-b614/k2-_eafe0b87-3985-4a5c-92a5-d58a248eb239.v1.jpg","clickThrough":{"value":"https://www.walmart.com/cp/1397506?povid=976759_hubspoke_8604954_Featuredbrands_AustinHope_Rweb_Oct_27"}}}]}]},"publishedDate":1700095608209,"moduleId":"fb30060f-ed17-4e7b-9645-9d0171525ed5","module_id":"fb30060f-ed17-4e7b-9645-9d0171525ed5","matchedTrigger":{"pageType":"ContentPage","pageId":"8604954","zone":"contentZone8","inheritable":false}},{"name":"Wine-New 1 SKU and 2 SKU Module-Web-YC-8.7","type":"StockKeepingUnit","version":11,"status":"published","schedule":{"start":null,"end":"2023-12-30T10:20Z","priority":1,"expEnabled":false},"triggers":[{"pageType":"ContentPage","pageId":"8604954","zone":"contentZone9","inheritable":false}],"configs":{"__typename":"TempoWM_GLASSWWWStockKeepingUnitConfigs","oneAndTwoSkuCtaLink":{"title":"Shop now","linkText":"Shop now","clickThrough":{"rawValue":"https://www.walmart.com/cp/clos-du-bois/2373175?povid=976759_1SKUand2SKU_8604954_Servethebest_Shopnow_Rweb_Nov_22","tag":null,"type":"url","value":"https://www.walmart.com/cp/clos-du-bois/2373175?povid=976759_1SKUand2SKU_8604954_Servethebest_Shopnow_Rweb_Nov_22"}},"oneAndTwoSkuImage":{"alt":"Serve the best","title":"CDB POV Banners  OL_838 x 470 vB","src":"https://i5.walmartimages.com/dfw/4ff9c6c9-ee49/k2-_50dd014a-18c6-4057-b1b5-d371ac6a0b5a.v1.jpg","uid":"t2XlJkIr","assetId":"CDB POV Banners  OL_838 x 470 vB.jpg","assetName":"CDB POV Banners  OL_838 x 470 vB.jpg","clickThrough":null},"imageAlignment":"left","items":["10984604","113728679","148488540","10984591"],"products":[{"canAddToCart":true,"showOptions":false,"badge":null,"badgeGroups":[],"badges":{"flags":[],"labels":null,"tags":[]},"flag":"","classType":"REGULAR","fulfillmentBadges":[],"fulfillmentSpeed":null,"fulfillmentType":"STORE","id":"10984604","image":"https://i5.walmartimages.com/seo/Clos-Du-Bois-Chardonnay-White-Wine-750ml-Glass-Bottle_7b187fa2-e996-401d-b7d1-977b969b9a28.ea85760eed2ca1bcb2d872fe631f579c.jpeg","isOutOfStock":false,"maxVisibleSwatchCount":4,"name":"Clos Du Bois Chardonnay, White Wine, 750ml Glass Bottle","offerId":"E4C32BA3AA604A9DA42BDADB9458EB8F","showSubscribe":false,"salesUnitType":"EACH","weightIncrement":1,"preOrder":null,"price":9.98,"priceInfo":{"linePrice":"$9.98","priceDisplayCondition":null,"unitPrice":"39.4 ¢/fl oz","minPriceForVariant":null,"priceRangeString":"","subscriptionString":"","linePriceDisplay":"$9.98","eaPricingPreText":""},"usItemId":"10984604","variantList":[],"isVariantTypeSwatch":false,"type":"REGULAR","rating":{"averageRating":4.4,"numberOfReviews":60},"sponsoredProduct":null,"isSponsoredFlag":false,"brand":"Clos Du Bois","canonicalUrl":"/ip/Clos-Du-Bois-Chardonnay-White-Wine-750ml-Glass-Bottle/10984604"},{"canAddToCart":true,"showOptions":false,"badge":null,"badgeGroups":[],"badges":{"flags":[],"labels":null,"tags":[]},"flag":"","classType":"REGULAR","fulfillmentBadges":[],"fulfillmentSpeed":null,"fulfillmentType":"STORE","id":"113728679","image":"https://i5.walmartimages.com/seo/Clos-Du-Bois-Cabernet-Sauvignon-Red-Wine-750ml-Glass-Bottle_09c5d869-c9df-426b-8873-96351075fd56.4a54eaf090ac7faace224af3b420765d.png","isOutOfStock":false,"maxVisibleSwatchCount":4,"name":"Clos Du Bois Cabernet Sauvignon Red Wine, 750ml Glass Bottle","offerId":"2BA6712AF2284018A046D583CDB614F4","showSubscribe":false,"salesUnitType":"EACH","weightIncrement":1,"preOrder":null,"price":9.98,"priceInfo":{"linePrice":"$9.98","priceDisplayCondition":null,"unitPrice":"39.4 ¢/fl oz","minPriceForVariant":null,"priceRangeString":"","subscriptionString":"","linePriceDisplay":"$9.98","eaPricingPreText":""},"usItemId":"113728679","variantList":[],"isVariantTypeSwatch":false,"type":"REGULAR","rating":{"averageRating":5,"numberOfReviews":2},"sponsoredProduct":null,"isSponsoredFlag":false,"brand":"Clos Du Bois","canonicalUrl":"/ip/Clos-Du-Bois-Cabernet-Sauvignon-Red-Wine-750ml-Glass-Bottle/113728679"},{"canAddToCart":false,"showOptions":false,"badge":null,"badgeGroups":[],"badges":{"flags":[],"labels":null,"tags":[]},"flag":"","classType":"REGULAR","fulfillmentBadges":[],"fulfillmentSpeed":null,"fulfillmentType":"FC","id":"148488540","image":"https://i5.walmartimages.com/seo/Mark-West-Pinot-Noir-Red-Wine-California-750ml-Glass-Bottle_f91c1412-f737-460d-b88f-426c9672c089.5fd3c5069ad3a26bd18eeaf8d7154af8.jpeg","isOutOfStock":true,"maxVisibleSwatchCount":4,"name":"Mark West Pinot Noir Red Wine, California, 750ml Glass Bottle","offerId":"CE066758D5ED48B09435692C2103BF4C","showSubscribe":false,"salesUnitType":"EACH","weightIncrement":1,"preOrder":null,"price":10.98,"priceInfo":{"linePrice":"$10.98","priceDisplayCondition":null,"unitPrice":"43.3 ¢/fl oz","minPriceForVariant":null,"priceRangeString":"","subscriptionString":"","linePriceDisplay":"$10.98","eaPricingPreText":""},"usItemId":"148488540","variantList":[],"isVariantTypeSwatch":false,"type":"REGULAR","rating":{"averageRating":4.6,"numberOfReviews":16},"sponsoredProduct":null,"isSponsoredFlag":false,"brand":"Mark West","canonicalUrl":"/ip/Mark-West-Pinot-Noir-Red-Wine-California-750ml-Glass-Bottle/148488540"},{"canAddToCart":false,"showOptions":false,"badge":null,"badgeGroups":[],"badges":{"flags":[],"labels":null,"tags":[]},"flag":"","classType":"REGULAR","fulfillmentBadges":[],"fulfillmentSpeed":null,"fulfillmentType":null,"id":"10984591","image":"https://i5.walmartimages.com/seo/Mirassou-Pinot-Noir-Red-Wine-California-750ml-Glass-Bottle_15ca955c-61b1-418e-a375-c61b2b39220a_1.0ce62f8679f4c97079edab3954659e03.jpeg","isOutOfStock":true,"maxVisibleSwatchCount":4,"name":"Mirassou Pinot Noir Red Wine, California, 750ml Glass Bottle","offerId":"FAE9664C2E444AFC9D87E8A268CBF329","showSubscribe":false,"salesUnitType":"EACH","weightIncrement":1,"preOrder":null,"price":7.98,"priceInfo":{"linePrice":"$7.98","priceDisplayCondition":null,"unitPrice":"31.4 ¢/fl oz","minPriceForVariant":null,"priceRangeString":"","subscriptionString":"","linePriceDisplay":"$7.98","eaPricingPreText":""},"usItemId":"10984591","variantList":[],"isVariantTypeSwatch":false,"type":"REGULAR","rating":{"averageRating":5,"numberOfReviews":3},"sponsoredProduct":null,"isSponsoredFlag":false,"brand":"Mirassou","canonicalUrl":"/ip/Mirassou-Pinot-Noir-Red-Wine-California-750ml-Glass-Bottle/10984591"}],"subCopy":"Pairs with your holiday.","title":"Serve the best"},"publishedDate":1703413293059,"moduleId":"482a9bde-36ec-4581-91c6-af86bfa3fd8e","module_id":"482a9bde-36ec-4581-91c6-af86bfa3fd8e","matchedTrigger":{"pageType":"ContentPage","pageId":"8604954","zone":"contentZone9","inheritable":false}},{"name":"Wine shop by price H\u0026S - Web-YC-11.16","type":"HubSpokes4x1","version":1,"status":"published","schedule":{"start":null,"end":null,"priority":1,"expEnabled":false},"triggers":[{"pageType":"ContentPage","pageId":"8604954","zone":"contentZone6","inheritable":false}],"configs":{"__typename":"TempoWM_GLASSWWWHubSpokes4x1Configs","headingText":"Shop by wine price","suppressCTA":"False","categories4x1":[{"name":"Under $10","image":{"alt":"Under $10","assetId":"ea976a90-c77b-11ed-92fe-4bcf3ae1bf70","assetName":"D96 Shop by Price Point - under 10.jpg","src":"https://i5.walmartimages.com/dfw/4ff9c6c9-e8aa/k2-_6338a49c-4097-4a04-b8ca-b293cdb5f8a9.v1.jpg","clickThrough":{"value":"https://www.walmart.com/browse/976759_2975985_8604954?max_price=10\u0026povid=976759_hubspoke_8604954_Shopbywineprice_10andUnder_Rweb_Oct_27"}}},{"name":"$10-$15","image":{"alt":"$10-$15","assetId":"ea976a90-c77b-11ed-92fe-4bcf3ae1bf70","assetName":"D96 Shop by Price Point - under 10.jpg","src":"https://i5.walmartimages.com/dfw/4ff9c6c9-e8aa/k2-_6338a49c-4097-4a04-b8ca-b293cdb5f8a9.v1.jpg","clickThrough":{"value":"https://www.walmart.com/browse/976759_2975985_8604954?max_price=15\u0026min_price=10\u0026povid=976759_hubspoke_8604954_Shopbywineprice_10to15_Rweb_Oct_27"}}},{"name":"$15-$20","image":{"alt":"$15-$20","assetId":"fa4eb380-c77b-11ed-be14-036eb1a385a9","assetName":"D96 Shop by Price Point - $15-20.jpg","src":"https://i5.walmartimages.com/dfw/4ff9c6c9-99f3/k2-_16b36d77-cb9a-4d18-80c5-f60afedcac07.v1.jpg","clickThrough":{"value":"https://www.walmart.com/browse/976759_2975985_8604954?max_price=20\u0026min_price=15\u0026povid=976759_hubspoke_8604954_Shopbywineprice_15to20_Rweb_Oct_27"}}},{"name":"Shop all wine","image":{"alt":"Shop all wine","assetId":"359a9a30-c77c-11ed-92fe-4bcf3ae1bf70","assetName":"D96 Shop by Price Point - shop all wine.jpg","src":"https://i5.walmartimages.com/dfw/4ff9c6c9-42b1/k2-_8bfd7815-36ed-4046-b059-93e26a22df2e.v1.jpg","clickThrough":{"value":"https://www.walmart.com/browse/976759_2975985_8604954?povid=976759_hubspoke_8604954_Shopbywineprice_Shopallwine_Rweb_Oct_27"}}}]},"publishedDate":1700179366445,"moduleId":"926c8dc4-e5af-4d5c-a3b8-5fb8e4545db2","module_id":"926c8dc4-e5af-4d5c-a3b8-5fb8e4545db2","matchedTrigger":{"pageType":"ContentPage","pageId":"8604954","zone":"contentZone6","inheritable":false}},{"name":"GenericCopyBlock Module, Tuesday, June 14, 2022, 10:28:26:97 pm","type":"GenericCopyBlock","version":2,"status":"published","schedule":{"start":null,"end":null,"priority":10,"expEnabled":false},"triggers":[{"pageType":"ContentPageGlobal","pageId":"global_evergreen","zone":"bottomZone5","inheritable":false}],"configs":{"__typename":"TempoWM_GLASSWWWGenericCopyBlockConfigs","catCopyBlock":"\u003ch2\u003eHow do I pair wine with food?\u003c/h2\u003e\u003cp\u003eAs a basic guide, pair red wine with red meat and pair white wine with chicken, fish, and pasta dishes. A bold red wine complements stronger flavors, such as steak, game, and hard cheeses, while a medium red complements cured meats, hard cheeses, and bread. A light red wine compliments chicken, fish, roasted vegetables, and bread. Light white wines go well with chicken, seafood, and salads, while sweet white wines are perfect with desserts, smoky foods, and salty dishes. White wines that are full-bodied complement pork, chicken, salmon, and potatoes.\u003c/p\u003e\u003ch2\u003eCan I make mixed drinks with wine?\u003c/h2\u003e\u003cp\u003eEnjoy numerous cocktails made with red, white, rosé, or sparkling wine. Mix sparkling white wine or champagne with fresh orange juice. Make a quick and easy cocktail by adding soda to your favorite wine. Cool down on a hot day with a berry wine slushie made by blending mixed berries, wine, and ice cubes together. Add simple syrup and club soda to the fortified wine sherry and garnish it with fruit to create a sherry cobbler.\u003c/p\u003e\u003ch2\u003eHow many people does a bottle of wine serve?\u003c/h2\u003e\u003cp\u003eA standard bottle of wine contains about 5 servings. Plan on 3 glasses per person for parties.\u003c/p\u003e"},"publishedDate":1700688907491,"moduleId":"6c35fd37-03b4-4fa8-abd4-d1c4bde13f05","module_id":"6c35fd37-03b4-4fa8-abd4-d1c4bde13f05","matchedTrigger":{"pageType":"ContentPageGlobal","pageId":"global_evergreen","zone":"bottomZone5","inheritable":false}},{"name":"NEW GenericSEOFAQModule Thu Oct 05 2023 9:50 PM PDT","type":"GenericSEOFAQModule","version":8,"status":"published","schedule":{"start":null,"end":null,"priority":10,"expEnabled":false},"triggers":[{"pageType":"ContentPage","pageId":"9874843","zone":"bottomZone4","inheritable":false},{"pageType":"ContentPageGlobal","pageId":"global_evergreen","zone":"bottomZone3","inheritable":false},{"pageType":"BrowsePage","pageId":"global_evergreen","zone":"bottomZone5","inheritable":false},{"pageType":"BrowsePageByCategory","pageId":"4757760","zone":"bottomZone5","inheritable":false}],"configs":{"__typename":"TempoWM_GLASSWWWGenericSEOFAQModuleConfigs","seoFaqList":null},"publishedDate":1700089590849,"moduleId":"b7ae9d11-2a1f-49c4-8ee7-10f2e7794a4c","module_id":"b7ae9d11-2a1f-49c4-8ee7-10f2e7794a4c","matchedTrigger":{"pageType":"ContentPageGlobal","pageId":"global_evergreen","zone":"bottomZone3","inheritable":false}}],"layouts":[{"id":"pageSplitResponsive","layout":{"type":"pageSplitResponsive","name":"Responsive Layout with LHN \u0026 Top Nav","definition":{"type":"container","flow":"vertical","content":[{"flow":"horizontal","type":"container","style":{"customStyles":"mh0"},"content":{"id":"topContent","type":"slot","mapping":[{"type":"ZONE","options":{"refId":"topZone1"}},{"type":"ZONE","options":{"refId":"topZone2"}},{"type":"ZONE","options":{"refId":"topZone3"}},{"type":"ZONE","options":{"refId":"topZone4"}},{"type":"ZONE","options":{"refId":"topZone5"}}]}},{"flow":"horizontal","type":"container","style":{"customStyles":"mh0"},"content":[{"flow":"vertical","type":"container","style":{"gridColumns":12,"customStyles":"nl2 nr2","lgGridColumns":3},"content":{"id":"leftContent","type":"slot","mapping":[{"type":"ZONE","options":{"refId":"leftZone1"}},{"type":"ZONE","options":{"refId":"leftZone2"}},{"type":"ZONE","options":{"refId":"leftZone3"}},{"type":"ZONE","options":{"refId":"leftZone4"}},{"type":"ZONE","options":{"refId":"leftZone5"}}]}},{"flow":"vertical","type":"container","style":{"gridColumns":12,"customStyles":"nl2 nr2 ph3-l ph4-xl nl3-xl","lgGridColumns":9},"content":{"id":"centerContent","type":"slot","mapping":[{"type":"ZONE","options":{"refId":"contentZone1"}},{"type":"ZONE","options":{"refId":"contentZone2"}},{"type":"ZONE","options":{"refId":"contentZone3"}},{"type":"ZONE","options":{"refId":"contentZone4"}},{"type":"ZONE","options":{"refId":"contentZone5"}},{"type":"ZONE","options":{"refId":"contentZone6"}},{"type":"ZONE","options":{"refId":"contentZone7"}},{"type":"ZONE","options":{"refId":"contentZone8"}},{"type":"EXTERNAL","options":{"refId":"atfMarker","tempoLabel":"ATF Marker","displayInTempo":true}},{"type":"ZONE","options":{"refId":"contentZone9"}},{"type":"ZONE","options":{"refId":"contentZone10"}},{"type":"ZONE","options":{"refId":"contentZone11"}},{"type":"ZONE","options":{"refId":"contentZone12"}},{"type":"ZONE","options":{"refId":"contentZone13"}},{"type":"ZONE","options":{"refId":"contentZone14"}},{"type":"ZONE","options":{"refId":"contentZone15"}},{"type":"ZONE","options":{"refId":"contentZone16"}},{"type":"ZONE","options":{"refId":"contentZone17"}},{"type":"ZONE","options":{"refId":"contentZone18"}},{"type":"ZONE","options":{"refId":"contentZone19"}},{"type":"ZONE","options":{"refId":"contentZone20"}},{"type":"ZONE","options":{"refId":"contentZone21"}},{"type":"ZONE","options":{"refId":"contentZone22"}},{"type":"ZONE","options":{"refId":"contentZone23"}},{"type":"ZONE","options":{"refId":"contentZone24"}},{"type":"ZONE","options":{"refId":"contentZone25"}},{"type":"ZONE","options":{"refId":"contentZone26"}},{"type":"ZONE","options":{"refId":"contentZone27"}},{"type":"ZONE","options":{"refId":"contentZone28"}},{"type":"ZONE","options":{"refId":"contentZone29"}},{"type":"ZONE","options":{"refId":"contentZone30"}}]}}]},{"flow":"horizontal","type":"container","style":{"customStyles":"mh0"},"content":{"id":"bottomContent","type":"slot","mapping":[{"type":"ZONE","options":{"refId":"bottomZone1"}},{"type":"ZONE","options":{"refId":"bottomZone2"}},{"type":"ZONE","options":{"refId":"bottomZone3"}},{"type":"ZONE","options":{"refId":"bottomZone4"}},{"type":"ZONE","options":{"refId":"bottomZone5"}}]}}]},"channel":{"id":"87674fe3-1742-4650-8e11-8d0c6acfe836","status":"ACTIVE"},"status":"ACTIVE","version":"1.279-SNAPSHOT 1702532823994 jenkinspan"}},{"id":"contentPageSplitDesktop","layout":{"type":"contentPageSplitDesktop","name":"Content Page - Desktop with LHN \u0026 Top Nav","definition":{"type":"container","flow":"vertical","content":[{"flow":"horizontal","type":"container","content":{"id":"topContent","type":"slot","mapping":[{"type":"ZONE","options":{"refId":"topZone1"}},{"type":"ZONE","options":{"refId":"topZone2"}},{"type":"ZONE","options":{"refId":"topZone3"}},{"type":"ZONE","options":{"refId":"topZone4"}},{"type":"ZONE","options":{"refId":"topZone5"}}]}},{"flow":"horizontal","type":"container","content":[{"flow":"vertical","type":"container","style":{"gridColumns":3},"content":{"id":"leftContent","type":"slot","mapping":[{"type":"ZONE","options":{"refId":"leftZone1"}},{"type":"ZONE","options":{"refId":"leftZone2"}},{"type":"ZONE","options":{"refId":"leftZone3"}},{"type":"ZONE","options":{"refId":"leftZone4"}},{"type":"ZONE","options":{"refId":"leftZone5"}}]}},{"flow":"vertical","type":"container","style":{"gridColumns":9},"content":{"id":"centerContent","type":"slot","mapping":[{"type":"ZONE","options":{"refId":"contentZone1"}},{"type":"ZONE","options":{"refId":"contentZone2"}},{"type":"ZONE","options":{"refId":"contentZone3"}},{"type":"ZONE","options":{"refId":"contentZone4"}},{"type":"ZONE","options":{"refId":"contentZone5"}},{"type":"ZONE","options":{"refId":"contentZone6"}},{"type":"ZONE","options":{"refId":"contentZone7"}},{"type":"ZONE","options":{"refId":"contentZone8"}},{"type":"EXTERNAL","options":{"refId":"atfMarker","tempoLabel":"ATF Marker","displayInTempo":true}},{"type":"ZONE","options":{"refId":"contentZone9"}},{"type":"ZONE","options":{"refId":"contentZone10"}},{"type":"ZONE","options":{"refId":"contentZone11"}},{"type":"ZONE","options":{"refId":"contentZone12"}},{"type":"ZONE","options":{"refId":"contentZone13"}},{"type":"ZONE","options":{"refId":"contentZone14"}},{"type":"ZONE","options":{"refId":"contentZone15"}},{"type":"ZONE","options":{"refId":"contentZone16"}},{"type":"ZONE","options":{"refId":"contentZone17"}},{"type":"ZONE","options":{"refId":"contentZone18"}},{"type":"ZONE","options":{"refId":"contentZone19"}},{"type":"ZONE","options":{"refId":"contentZone20"}},{"type":"ZONE","options":{"refId":"contentZone21"}},{"type":"ZONE","options":{"refId":"contentZone22"}},{"type":"ZONE","options":{"refId":"contentZone23"}},{"type":"ZONE","options":{"refId":"contentZone24"}},{"type":"ZONE","options":{"refId":"contentZone25"}},{"type":"ZONE","options":{"refId":"contentZone26"}},{"type":"ZONE","options":{"refId":"contentZone27"}},{"type":"ZONE","options":{"refId":"contentZone28"}},{"type":"ZONE","options":{"refId":"contentZone29"}},{"type":"ZONE","options":{"refId":"contentZone30"}}]}}]},{"flow":"horizontal","type":"container","content":{"id":"bottomContent","type":"slot","mapping":[{"type":"ZONE","options":{"refId":"bottomZone1"}},{"type":"ZONE","options":{"refId":"bottomZone2"}},{"type":"ZONE","options":{"refId":"bottomZone3"}},{"type":"ZONE","options":{"refId":"bottomZone4"}},{"type":"ZONE","options":{"refId":"bottomZone5"}}]}}]},"channel":{"id":"87674fe3-1742-4650-8e11-8d0c6acfe836","status":"ACTIVE"},"status":"ACTIVE","version":"1.279-SNAPSHOT 1702532823994 jenkinspan"}},{"id":"base","layout":{"type":"base","name":"Base","definition":{"type":"container","flow":"vertical","content":[{"flow":"vertical","type":"container","content":{"id":"mainContentSlot","type":"slot","mapping":[{"type":"ZONE","options":{"refId":"topZone1"}},{"type":"ZONE","options":{"refId":"topZone2"}},{"type":"ZONE","options":{"refId":"topZone3"}},{"type":"ZONE","options":{"refId":"topZone4"}},{"type":"ZONE","options":{"refId":"topZone5"}},{"type":"ZONE","options":{"refId":"leftZone1"}},{"type":"ZONE","options":{"refId":"leftZone2"}},{"type":"ZONE","options":{"refId":"leftZone3"}},{"type":"ZONE","options":{"refId":"leftZone4"}},{"type":"ZONE","options":{"refId":"leftZone5"}},{"type":"ZONE","options":{"refId":"contentZone1"}},{"type":"ZONE","options":{"refId":"contentZone2"}},{"type":"ZONE","options":{"refId":"contentZone3"}},{"type":"ZONE","options":{"refId":"contentZone4"}},{"type":"ZONE","options":{"refId":"contentZone5"}},{"type":"ZONE","options":{"refId":"contentZone6"}},{"type":"ZONE","options":{"refId":"contentZone7"}},{"type":"ZONE","options":{"refId":"contentZone8"}},{"type":"EXTERNAL","options":{"refId":"atfMarker","tempoLabel":"ATF Marker","displayInTempo":true}},{"type":"ZONE","options":{"refId":"contentZone9"}},{"type":"ZONE","options":{"refId":"contentZone10"}},{"type":"ZONE","options":{"refId":"contentZone11"}},{"type":"ZONE","options":{"refId":"contentZone12"}},{"type":"ZONE","options":{"refId":"contentZone13"}},{"type":"ZONE","options":{"refId":"contentZone14"}},{"type":"ZONE","options":{"refId":"contentZone15"}},{"type":"ZONE","options":{"refId":"contentZone16"}},{"type":"ZONE","options":{"refId":"contentZone17"}},{"type":"ZONE","options":{"refId":"contentZone18"}},{"type":"ZONE","options":{"refId":"contentZone19"}},{"type":"ZONE","options":{"refId":"contentZone20"}},{"type":"ZONE","options":{"refId":"contentZone21"}},{"type":"ZONE","options":{"refId":"contentZone22"}},{"type":"ZONE","options":{"refId":"contentZone23"}},{"type":"ZONE","options":{"refId":"contentZone24"}},{"type":"ZONE","options":{"refId":"contentZone25"}},{"type":"ZONE","options":{"refId":"contentZone26"}},{"type":"ZONE","options":{"refId":"contentZone27"}},{"type":"ZONE","options":{"refId":"contentZone28"}},{"type":"ZONE","options":{"refId":"contentZone29"}},{"type":"ZONE","options":{"refId":"contentZone30"}},{"type":"ZONE","options":{"refId":"bottomZone1"}},{"type":"ZONE","options":{"refId":"bottomZone2"}},{"type":"ZONE","options":{"refId":"bottomZone3"}},{"type":"ZONE","options":{"refId":"bottomZone4"}},{"type":"ZONE","options":{"refId":"bottomZone5"}}]}}]},"channel":{"id":"87674fe3-1742-4650-8e11-8d0c6acfe836","status":"ACTIVE"},"status":"ACTIVE","version":"1.279-SNAPSHOT 1702532823994 jenkinspan"}}],"pageMetadata":{"location":{"pickupStore":"3523","deliveryStore":"3523","intent":"SHIPPING","postalCode":"91387","stateOrProvinceCode":"CA","city":"Canyon Country","storeId":"3523","accessPointId":null,"accessType":null,"spokeNodeId":null},"pageContext":{}}},"seoCategoryMetaData":{"metaDesc":"Shop for Wine at Walmart.com. Buy light or bold red wine, white, blush, sparkling wine, boxed wine. Dry, sweet, or specialty wine. Save money. Live better.","metaTitle":"Wine - Walmart.com","metaCanon":"https://www.walmart.com/cp/wine/8604954","metaKW":null,"noIndex":false,"primaryPathId":"0/976759/2975985/8604954"}},"headers":{}},"categoryPageId":"8604954","pageUrl":"/content/wine/8604954?page=1\u0026sort=alpha","psych":{"isDesktop":true,"isBot":false,"isMobile":false,"trafficType":"customer","browserName":"Firefox","visitType":"rv_c","previousAppVersion":"us-web-1.106.1-a4825f50961cb2cde8a88357cc99e8ada972f5fa-1214"},"isomorphicSessionId":"eHd5pmdOdxiN5dEVMTotS","trace":{"traceId":"e8df3f1dd4f1047eec379a7621a8b58d","spanId":"52fbdcfd4190d8aa","traceFlags":0},"isCaching":false,"queryContextCacheId":598,"bootstrapData":{"account":{"data":{"account":null}},"cart":null,"header":{"data":{"contentLayout":{"modules":[{"name":"New GlobalHamburgerNav Module, Monday, February 01, 2021, 10:56:25:63 am","type":"GlobalHamburgerNav","moduleId":"e5695db1-03c9-4ad8-87b1-3ecc7f36139a","matchedTrigger":{"zone":"hamburgerNav"},"configs":{"subCategory":[{"subLinks":[{"link":{"linkText":"Purchase History","title":"Purchase History","clickThrough":{"value":"/orders"},"uid":"lClciGBL"},"icon":"Receipt"},{"link":{"linkText":"My Items","title":"My Items","clickThrough":{"value":"/my-items"},"uid":"-CR6cbCJ"},"icon":"Reorder"},{"link":{"linkText":"Account","title":"Account","clickThrough":{"value":"/account"},"uid":"UEvH7Fxj"},"icon":"User"}]},{"subLinks":[{"link":{"linkText":"Help","title":"Help","clickThrough":{"value":"/help"},"uid":"8IhExTJt"},"icon":"QuestionCircle"}]},{"subLinks":[{"link":{"linkText":"Lists","title":"Lists","clickThrough":{"value":"/lists"},"uid":"X1LAJGJ_"},"icon":"Heart"},{"link":{"linkText":"Registries","title":"Registries","clickThrough":{"value":"/cp/gifts-registry/1094765"},"uid":"1AXmIt42"},"icon":"Gift"}]}]}}]}},"headers":{}},"footer":{"data":{"contentLayout":{"modules":[{"name":"Full Footer Module - 10.25.22","type":"GlobalFooterLinks","matchedTrigger":{"zone":"footerZone1"},"configs":{"subLinks":[{"link":{"linkText":"All Departments","title":"All Departments","clickThrough":{"type":"url","value":"/all-departments","rawValue":"/all-departments"},"uid":"qxfQLilq"},"isSFLink":"False","openInNewTab":"False"},{"link":{"linkText":"Store Directory","title":"Store Directory","clickThrough":{"type":"url","value":"/store/directory","rawValue":"/store/directory"},"uid":"Mqjgq01i"},"isSFLink":"False","openInNewTab":"True"},{"link":{"linkText":"Careers","title":"Careers","clickThrough":{"type":"url","value":"https://careers.walmart.com/","rawValue":"https://careers.walmart.com/"},"uid":"xSXQZgLP"},"isSFLink":"False","openInNewTab":"True"},{"link":{"linkText":"Our Company","title":"Our Company","clickThrough":{"type":"url","value":"https://corporate.walmart.com/","rawValue":"https://corporate.walmart.com/"},"uid":"1LGhsg1W"},"isSFLink":"False","openInNewTab":"True"},{"link":{"linkText":"Sell on Walmart.com","title":"Sell on Walmart.com","clickThrough":{"type":"url","value":"https://marketplace.walmart.com/?utm_source=Walmart.com\u0026utm_medium=link\u0026utm_campaign=footer","rawValue":"https://marketplace.walmart.com/?utm_source=Walmart.com\u0026utm_medium=link\u0026utm_campaign=footer"},"uid":"ruChBupf"},"isSFLink":"False","openInNewTab":"True"},{"link":{"linkText":"Help","title":"Help","clickThrough":{"type":"url","value":"/help","rawValue":"/help"},"uid":"sF8XalaR"},"isSFLink":"False","openInNewTab":"False"},{"link":{"linkText":"COVID-19 Vaccine Scheduler","title":"COVID-19 Vaccine Scheduler","clickThrough":{"type":"url","value":"https://www.walmart.com/cp/flu-shots-immunizations/1228302","rawValue":"https://www.walmart.com/cp/flu-shots-immunizations/1228302"},"uid":"mkSSzU5_"},"isSFLink":"False","openInNewTab":"False"},{"link":{"linkText":"Product Recalls","title":"Product Recalls","clickThrough":{"type":"url","value":"https://corporate.walmart.com/recalls","rawValue":"https://corporate.walmart.com/recalls"},"uid":"6WfEW3Zs"},"isSFLink":"False","openInNewTab":"True"},{"link":{"linkText":"Accessibility","title":"Accessibility","clickThrough":{"type":"url","value":"https://www.walmart.com/help/article/responsible-disclosure-and-accessibility-policies/0f173dab8bd942da84b1cd7ab5ffc3cb","rawValue":"https://www.walmart.com/help/article/responsible-disclosure-and-accessibility-policies/0f173dab8bd942da84b1cd7ab5ffc3cb"},"uid":"nH94lRDz"},"isSFLink":"False","openInNewTab":"True"},{"link":{"linkText":"Tax Exempt Program","title":"Tax Exempt Program","clickThrough":{"type":"url","value":"https://www.walmart.com/taxexempt/","rawValue":"https://www.walmart.com/taxexempt/"},"uid":"MSqG1z1p"},"isSFLink":"False","openInNewTab":"True"},{"link":{"linkText":"Get the Walmart App","title":"Get the Walmart App","clickThrough":{"type":"url","value":"https://walmart.onelink.me/UIev?pid=walmart.com\u0026af_web_dp=https%3A%2F%2Fwww.walmart.com%2Fcp%2Fwalmart-mobile-app%2F1087865\u0026c=Walmart.com%20Site%20Footer\u0026af_dp=walmart%3A%2F%2F","rawValue":"https://walmart.onelink.me/UIev?pid=walmart.com\u0026af_web_dp=https%3A%2F%2Fwww.walmart.com%2Fcp%2Fwalmart-mobile-app%2F1087865\u0026c=Walmart.com%20Site%20Footer\u0026af_dp=walmart%3A%2F%2F"},"uid":"fBlESY-s"},"isSFLink":"False","openInNewTab":"False"},{"link":{"linkText":"Sign-up for Email","title":"Sign-up for Email","clickThrough":{"type":"url","value":"https://www.walmart.com/cp/email-opt-in/8196352?gbo=1","rawValue":"https://www.walmart.com/cp/email-opt-in/8196352?gbo=1"},"uid":"wdxkv1Zu"},"isSFLink":"False","openInNewTab":"False"},{"link":{"linkText":"Safety Data Sheet","title":"Safety Data Sheet","clickThrough":{"type":"url","value":"http://msds.walmartstores.com/","rawValue":"http://msds.walmartstores.com/"},"uid":"snKdw1ZD"},"isSFLink":"False","openInNewTab":"False"},{"link":{"linkText":"Terms of Use","title":"Terms of Use","clickThrough":{"type":"url","value":"/help/article/walmart-com-terms-of-use/3b75080af40340d6bbd596f116fae5a0","rawValue":"/help/article/walmart-com-terms-of-use/3b75080af40340d6bbd596f116fae5a0"},"uid":"ZIN3lfkK"},"isSFLink":"True","openInNewTab":"False"},{"link":{"linkText":"Privacy \u0026 Security","title":"Privacy \u0026 Security","clickThrough":{"type":"url","value":"https://corporate.walmart.com/privacy-security","rawValue":"https://corporate.walmart.com/privacy-security"},"uid":"NcSEmFEh"},"isSFLink":"True","openInNewTab":"True"},{"link":{"linkText":"California Supply Chain Act","title":"California Supply Chain Act","clickThrough":{"type":"url","value":"https://corporate.walmart.com/california-transparency","rawValue":"https://corporate.walmart.com/california-transparency"},"uid":"saB0OxA1"},"isSFLink":"True","openInNewTab":"True"},{"link":{"linkText":"Your Privacy Choices","title":"Your Privacy Choices","clickThrough":{"type":"url","value":"https://www.walmart.com/account/api/ccpa-intake?native=false\u0026app=gm\u0026type=sod","rawValue":"https://www.walmart.com/account/api/ccpa-intake?native=false\u0026app=gm\u0026type=sod"},"uid":"J_2kgrFD"},"isSFLink":"True","openInNewTab":"True"},{"link":{"linkText":"Notice at Collection","title":"Notice at Collection","clickThrough":{"type":"url","value":"https://corporate.walmart.com/privacy-security/california-privacy-rights#what-are-the-categories-of-personal-information-collected","rawValue":"https://corporate.walmart.com/privacy-security/california-privacy-rights#what-are-the-categories-of-personal-information-collected"},"uid":"BEYc38cp"},"isSFLink":"True","openInNewTab":"True"},{"link":{"linkText":"Request My Personal Information","title":"Request My Personal Information","clickThrough":{"type":"url","value":"https://www.walmart.com/account/api/ccpa-intake?native=false\u0026app=gm\u0026type=access","rawValue":"https://www.walmart.com/account/api/ccpa-intake?native=false\u0026app=gm\u0026type=access"},"uid":"bBv2y0Gq"},"isSFLink":"True","openInNewTab":"True"},{"link":{"linkText":"Brand Shop Directory","title":"Brand Shop Directory","clickThrough":{"type":"url","value":"https://www.walmart.com/brand/branddirectory","rawValue":"https://www.walmart.com/brand/branddirectory"},"uid":"yCGpfrgV"},"isSFLink":"False","openInNewTab":"False"},{"link":{"linkText":"#IYWYK","title":"#IYWYK","clickThrough":{"type":"url","value":"https://www.walmart.com/cp/walmart-in-the-know/7781927","rawValue":"https://www.walmart.com/cp/walmart-in-the-know/7781927"},"uid":"JWKSWcyU"},"isSFLink":"False","openInNewTab":"False"},{"link":{"linkText":"Walmart Business","title":"Walmart Business","clickThrough":{"type":"url","value":"https://business.walmart.com/","rawValue":"https://business.walmart.com/"},"uid":"hQ8BOrKC"},"isSFLink":"False","openInNewTab":"False"}]}}]}},"headers":{}},"cv":{"account":{"_all_":{"hideMobileVerificationNotNowLink":false,"enableAccountDWeb":true,"isLoginRedirectionEnabled":false,"registriesUrl":"/my-registries","enableMyItemsMenu":true,"enablePaidBusinessPlusPlan":false,"enableGoogleAutoComplete":true,"enableWPlusMembershipMode":true,"enablePostalCodeMessage":false,"vetNameCharacterLimit":29,"enableAccountWallet":true,"ccpaUrl":"/account/ccpa-reporting","enableMultipleInHomeAddresses":true,"enableGuidedDeliveryPhase2":false,"enableZipcodeInAddressSelector":false,"showSignInNudgeDweb":true,"enableTaxExemptRedesign":false,"customCakeUrl":"https://www.walmart.com/order-ahead/cake","enableLanguageSelection":false,"enableDigitalRewards":true,"communicationAndPrivacyUrl":"/account/communications-and-privacy","digitalRewardsUrl":"https://www.walmart.com/cp/8301756","enableEbtFraud":true,"enableLocationErrorMessageImprovement":true,"protectionPlanUrl":"/protection-plans","enchancedAccountPharmacyUrl":"https://www.walmart.com/cp/5431","reorderUrl":"https://www.walmart.com/my-items","enableItemSubscriptionRamp":false,"enableValueTracker":true,"ccpaNewRequestUrl":"https://www.walmart.com/account/api/ccpa-intake?native=false\u0026amp;type=access","autoCareCenterUrl":"https://www.walmart.com/cp/auto-services/1087266","enablePhoneCollection":true,"businessMaximumNumberOfUserToInvite":5,"enableAddressLineOneAutofill":false,"enableInHomeAddress":true,"vuduLibraryUrl":"https://video.walmart.com/content/account/purchasehistory","enableHSAFSA":true,"disablePersonalInfoRequestsLink":false,"eBookUrl":"https://www.walmart.com/account/redirect/kobo?page=library","enableLocationAutoComplete":true,"isInHomeEnabled":true,"enableSpendAnalyzer":false,"enableInHomeLocationPreference":true,"enableNextBestAction":true,"enableAccountMWeb":true,"enableSubscriptionModule":false,"enableAVSOverrideGoogleAutoComplete":true,"enablePartialFulfillmentSwitching":false,"enablePostalCodeOnly":false,"walmartPlusUrl":"https://www.walmart.com/grocery/account/plus/overview","listsUrl":"/lists","showSignInNudgeMWeb":true,"geoFenceRadiusInMeter":804,"placeholder":1,"enableYourProfileSection":true,"enableWalmartPlus":true,"clinicNameCharacterLimit":80,"itemSubscriptionUrl":"https://www.walmart.com/m/deals/subscriptions/manage","enableGarage":true,"enableWalmartPlusPreference":true,"walmartAssociateUrl":"https://www.walmart.com/account/associate-discount","pharmacyUrl":"https://www.walmart.com/pharmacy/dashboard","enableFeatureCommsAndPrivacy":true,"enableAvsOverride":true,"shouldUpdateCartAfterUpdateZipcode":true,"isFCShippingEnabled":true,"enablePhoneNumberOnPersonalInfo":false,"disableAddressOnEmptyLatLong":false,"enableItemSubscription":true,"isMobileVerificationEnabled":false,"enablePetRxAwarenessBanner":false,"enableRemovePWState":true,"enablePetHubPage":true,"enablePetsCarousel":true,"enablePetRxWebUrl":"https://www.walmart.com/cp/8328098","uTypeValue":"'[\"beta\"]'","enableInHomeEdit":true,"enableMemberModePersonalization":false,"disablePRAutoComplete":false,"enablePetRxAutoRefill":true,"disableGuestUserAutocomplete":false,"enableEGiftCardLinkFix":true,"enableAccountApiOptimization":true,"enablePetsLink":true,"enableAddressValidationErrorPopupUpdate":true,"enablePetRx":false,"isRewardsEnabled":true,"enableCharityOfChoice":true,"enableAccountMenuOptimization":true}},"cart":{"_all_":{"enableAuthErrorFix":true,"enableItemUpdates":true,"enablePartialCheckout":true,"cartQueryStaleTime":240000,"enableLeanModeSFL":false,"enableWplusCashback":false,"enableSingletonATF":false,"enableForceFooterVisibility":true,"enableFullPagePAC":true,"enableExpandModeForSubscriptionItems":false,"defaultSalesWeight":0.25,"enableGXOSignInNudge":true,"enableCapOneRewards":true,"enableSFLCarouselTopPlacement":false,"enableGuestCheckout":true,"enableACCOnPAC":false,"enableLeanModeATC":true,"enableDetailedPartialXoLabel":false,"enableFreeDeliveryThreshold":false,"enableCartWplusBannerPickup":true,"enableWplusThirtyDaystrial":true,"showPersonalization":true,"enableAvailableFinancingOptions":false,"enableCartWplusBannerNoSlotSelected":true,"enableAddOnServicesPAC":true,"enableSFLPriceDrop":false,"enableCarePlansAndHomeServices":true,"enableShippingLabel":true,"enableSetShippingOrDeliveryMutation":true,"enableSubstituteOOSV2":true,"enableEnhancedEmptyCart":true,"enableOmniPromise":true,"enableWirelessPostpaid":true,"sflCountPerPagination":20,"enableSFLBackInStock":false,"enableNewSignInBenefitCards":true,"enableInHomeDelivery":true,"enableEarlyAccess":true,"enablePickupNotAvailable":false,"enableLastCallNonRoutine":false,"disableGetCartCSR":false,"enableInpDeferStepperDispatch":false,"enablePostLoadDeals":true,"enablePAC":true,"enableFulfillmentChangeInOOS":false,"enableNonConfigBundles":true,"showATCSuccessSnackBarForItemPageNonPac":true,"enableSigninBenefits":true,"enableFPCEHeader":true,"enableWplusFulfillmentBanner":true,"enableHelium":true,"enableFFCollapseMode":false,"enableLoadAfterATF":false,"enableIbotta":true,"enableCXOPrefetch":true,"enableItemSwitchableTempBadge":false,"enableAccSchedulingDiscoverabilityV3":false,"disableCommaInHeader":false,"enableAEBadge":true,"enableCartLevelMSI":false,"enableATCAnimation":false,"enableGetCartAuthErrorRefetch":true,"enableCapOne":true,"enableWeightedItems":false,"enableWideProductImages":true,"enableWalmartPlusIntegratedSignUp":true,"enableItemSwitchableBadge":false,"enableATCRateLimitingMessage":true,"enableATCOptimization":true,"enableFeeThresholdBar":false,"enableSubstituteOOS":true,"enableACCScheduling":true,"enableSmartNudges":true,"enableCartLight":false,"enablePartialSwitchModuleLevel":false,"enableGroceryPAC":true,"enableCallouts":false,"enableAffirm":true,"enableItemNotSwitchableBadge":false,"enablePriceChange":true,"enableWplus":true,"enableEbt":true,"enableLastCallFullPage":false,"enableSFL":true,"enableShipInsteadAtItemLevel":true,"enablePickupNotAvailableVariation2":false,"enableSetPickupMutation":true,"enableWirelessFreebiePromo":true,"enableCartGIC":true,"enableRegistry":true,"disableCartIconPriceTotal":false,"enableHotCartFeature":false,"enableShippingIntent":true,"enableLeanMode":true,"enableCartWplusBannerTempo":true,"enableQueueing":true,"disableEstTotalOnMweb":false,"enableFFModuleHideUnhideCarrot":true,"enableProductTileV2":true,"enableFulfillmentHeadersV2":true,"leanModeRetryLimit":1,"enableLastCall":true,"enableFulfillmentGroupId":true,"enableFPCEAosVariant":4,"enableAccSchedulingFindStores":true,"enableOOSHotFix":true,"enableGICSpeedFilter":false,"enableFreeAmendAndReturn":false,"enableFreeShippingAndPickup":true,"enableSFLPerformanceMode":false,"enableOnXoMoveOosToSfl":false,"enableClearMergeCartSFL":true,"enableShopSimilar":true,"enableATFGiftingUI":false,"enableCartBookslotShortcut":true,"enablePACCheckout":false,"enablePickUpSwitchSubscriptionPopup":true,"enablePFS":false,"enableCartWplusBannerShippingMoreThanMin":true,"enableEnhancedItemUpdates":true,"showSubscriptionGuestLoginBanner":false,"initialSFLCount":10,"enableClearMergeCartId":true,"enableExpressReservationEndTime":false,"hideGuestXOCTA":true,"enableFulfillmentChoice":false,"enableSplashRouteAddition":false,"disableItemLevelMSI":false,"enableGiftingCheckbox":true,"enableFulfillmentContentEnhancement":false,"enableOOSAlertScroll":true,"enableSignInFromCart":true,"disableGuestPartialXO":true,"enableStoreSnackBarMessage":false,"enableHide3pSellerName":true,"enableStyliticsClassicQuickShop":false,"enableLoopItemUpdates":true,"enableShopSimilarForPickup":false,"homeScriptSrc":"https://web-assets.stylitics.com/v3-moodboard/latest/moodboard.release.js","enableVisionSFL":false,"enableSSRRedirect":false,"enableReturnsLabel":true,"enableILCCSwitchFix":false,"enableSFLMoveToCartOptimization":true,"enableACCNonServiceableErrorUI":true,"enablelastCallOptimizatation":true,"enableCTLQuickShopLabel":false,"enableEarlyRecos":false,"enableFullPageSignin":true,"disableP13nOnPAC":false,"enableILCCHotFix":false,"projectThunderbolt":true,"enableLargeImagesMWeb":false,"homeUsername":"walmart","enableStylisticsMoodBoardDesign":false,"enableWplusBannersPostCartLoadPage":true,"disableNoTimesMessage":true,"slotShortcutMaxSlotReqCount":15,"slotShortcutGetSlotsQueryCacheTime":30000,"enableCTLProductTitle":true,"enableShopTheModelBadge":false,"numberOfMpSeller":20,"enableClipRewards":true,"enableRecommendationsPhase2":true,"apparelScriptSrc":"https://web-assets.stylitics.com/v3-classic/latest/classic.release.js","enableWplusGuestBanner":true,"enablePACRedirectOnDismiss":true,"enableFCTodayTomorrowHeader":true,"enableOrderCutOffLSTimezone":true,"mpPickupSessionTime":72,"enableIntentControl":true,"enableStyliticsMoodboardQuickShop":false,"enableVetDietVetCancellation":true,"enableOrderCutOffLiveTimer":false,"enableVisionNoRxCheckout":false,"enableI18n":0,"enableEnhancedSavings":true,"enableVetApprovalRequired":true,"enableBenefitSavings":true,"enableMPStoreSelector":true,"enableSmileyPricing":true,"enableACCVariant":1,"enableCTLMultipleLooks":true,"enableCTLQuickShop":true,"enableWplusOldBannerUI":true,"enableCompleteTheLook":true,"enableStylistics":false,"apparelUsername":"walmart","enableGenericWalmartCash":true,"enableSlotShortcutImplicitIntent":true,"enableSFLGrid":true,"enableCrossPollination":true,"enableMpPickupPhase2":true,"enableLastCallPhase2":false,"enableExpressUpsell":true,"enableEvergreenFee":true,"enableCompleteTheLookLabels":false,"enableOnePl":false,"enableMiniCart":false,"enableStarRatings":false,"visionOrderProperties":"'[\"prescription_type\",\"lens_type\",\"lens_material\",\"lens_color\",\"lens_add_ons\"]'","enablePromoDiscount":true,"enableSSR":false,"enableOfferIdInUrl":false,"enableSFLSmileyPrice":true,"enableVisionItems":false,"hideAcquisitionCardBanners":false,"disableCartPartialIntentWarning":true,"enableOrderCutOffTimeInline":true,"enableMultiline":true,"enablePetRxVetCancellation":true,"enablePACAOSVariants":1,"enableWplusRemoveBannersCardCheck":true,"enableAccModalOnItemPage":true,"enableStylisticsCLS":false,"enableFulfillmentFunnel":true,"enableHideOrderCutOffAtSLAGroupLevel":false,"savingsRecommendationTextV2":false,"calculateFooterPositionOnResize":true}},"bookslot":{"_all_":{"gmStoreMessageForNoUSPSlot":true,"enableEvergreenSlot":true,"enableWirelessPostpaid":true,"enableReReserveSlot":true,"enablePriorityTimesIntegratedSignup":true,"walmartPlusFreeDelivery":true,"expressDeliveryOnlyStores":true,"enableWalmartPlusIntegratedSignUp":true,"hidePickupSlotPrice":true,"disableMergeAndGetCartCSR":true,"alcoholRestrictedSlotsFilterEnable":true,"enableWplusCashback":false,"enableBlockRegistrantAddressDelivery":true,"enableEarliestAvailableSlotPreselection":false,"enableInventoryAwareMPPickup":true,"enableFulfillmentIntent":true,"enableNoSlotPreselectionOnTabSwitch":false,"enableStoreBrandFormat":false,"enableSlotPreSelectionV2":true,"enableEarliestAvailableDayPreselection":false,"enablePickupOnShippingIntent":true,"enableNoPickupSlotSelectionForDefaultStore":true,"enableWalmartPlus":true,"nodeSelectableOnlineEnable":true,"enableStoreHours":true,"enableCityStateZipcodeAdaptiveInput":true,"hideStoreChooserDefaultAlert":true,"enableInputTypeAhead":true,"enableCityAndStateInput":true,"tempoCacheExpirationInSeconds":300,"enablePriorityTimes":true,"enableReservationNotAcceptableFix":true,"enableStoreSelectorFeedback":true,"enableStoreSelectorResiliency":false,"enableExpressSlotIsSelectableLogicFix":true,"maxCountOfStoresForInventory":8,"disableFreeDeliveryBannerForExpressOnlyStores":true,"enablePreselectionV2UserIntentOverReservation":false,"enableInHomeAmPmSlots":true,"enableInHomeSlotsQueryHeader":true,"mergeSlotsEnable":true,"refreshCPOnStoreChange":false,"enablePremiumSlotsBranding":false,"enableCityAndStateInputForPickupStore":true,"enableCityStateInputValidation":true,"enableHolidayFreeExpressNewUI":true,"enableEvergreenHolidayDiscount":true,"enableUseCurrentLocation":true,"enableInHomeAmPmSlotsPhase2":true,"enableUseCurrentLocationFromBrowser":true,"evergreenWPlusMemberHolidayDiscountStrikeoutPrice":"5","enableStorePagesAndFinderPhase2":true,"enableAccSlotExpansion":true,"enableWplusOldBannerUI":true,"enableInhomeTipFreePriceLabel":true,"enableStoreSelectorMarketplacePickup":true,"enableAllSlotsUnavailableMessageTypesFix":true,"enableACCStoreSelectorOnSlotsUnavailable":true,"enableFulfillmentOptionURLParam":true,"enablePassCartIdAcidCheckStoreSelector":true,"enableZeroDeliverySlotPriceFree":false,"projectThunderbolt":true,"enableACCStoreSelectorErrorHandling":true,"enableEvergreenFee":true,"enableDeliveryStoreSelectorInHomeSupport":true,"evergreenNonMemberHolidayDiscountStrikeoutPrice":"12.95","disableSlotShortcutInGIC":false,"enableAvailableForInstallationText":true,"enableMultipleInhomeAddresses":true,"enablePassCartIdAcidCheck":true,"bookslotShortcutMaxSlotReqCount":21,"enableUnauthorizedAccessToCartErrorFix":true,"enableDeliveryFromStoreInfoModule":true,"enableDeliveryAddressFromSlotData":true,"enableHideInstoreCheckmark":true,"enableLocalizedStringInBookSlot":false,"enableWplusRemoveBannersCardCheck":true,"enableBookslotMobileSticky":true,"enableCartFulfillmentOption":true,"enableStorePagesAndFinder":true,"enableNoSlotsAvailableScreen":true,"enableStoreSelectorUnauthorizedAccessToCartErrorFix":true,"enableEvergreenSlotBranding":true}},"header":{"_all_":{"hideServiceWidget":true,"enableInpClickSearchInputField":false,"showNavLinks":true,"enableRedesignedHeader":false,"fetchLocation":false,"enableFetchAlertBarCSR":false,"maxCalloutsPerBSTC":4,"enableNavClickability":true,"globalNavCacheVariation":"","enableReorder":false,"enableInpSearchBarAndIcon":false,"showOptOut":false,"heartingEnhancementsEnable":false,"enableSuppressAlertBarOnMweb":false,"enableTADropdown":false,"calloutViewsPerIdPerBSTC":1,"enableGIC":true,"flyOutExpandOnClick":true,"enableNonStickyHeader":false,"navLinks":"'[{\"name\": \"Grocery\",\"link\": \"https://www.walmart.com/cp/1735450\"},{\"name\": \"Tech\",\"link\": \"https://www.walmart.com/cp/electronics/3944\"},{\"name\": \"Fashion\",\"link\": \"https://www.walmart.com/cp/clothing/5438\"},{\"name\": \"Home\",\"link\": \"https://www.walmart.com/cp/home/4044\"},{\"name\": \"Patio \u0026 garden\",\"link\": \"https://www.walmart.com/cp/patio-garden/5428\"},{\"name\": \"National donut day\",\"link\": \"https://www.walmart.com/shop/national-donut-day\"},{\"name\": \"Deals\",\"link\": \"https://www.walmart.com/shop/deals\"},{\"name\": \"Walmart+\",\"link\": \"https://www.walmart.com/plus\"}]'","isAlertBarEnabled":true,"fetchLocationCSROnLoad":true,"enableWplusRedesignTheme":false,"enableResponsiveHF":true,"enableLightweightHeader":false,"calloutViewsPerIdPerVTC":2,"enableWalmartCashInNav":false,"calloutsEnabled":true,"enableL0SeoLinksForItemPage":true,"showAddressLineOne":true,"enableStickyGIC":true,"enabledGICRetentionPrompt":false,"enableL0SeoLinksForAllPage":false,"enableWplusLogoOnSiteHeader":true,"enableMultipleInhomeAddresses":true,"enableGicResiliency":false,"enableGoogleEnhancedPlaceActions":true,"enableLocalizedStringInGIC":false,"enableGICAutoShowOnSessionStart":false,"enableDeliveryStoreSelection":true}},"pulse":{"_all_":{"alwaysAllowedTagList":"","enableScriptDefer":false,"logLevel":"info","enableATFMarker":true,"enableV1Schema":true,"enableQuantumMetric":false,"enableBeaconDefer":false}},"footer":{"_all_":{"enableXOFeedback":true,"hideSignupForEmailLink":false,"enableNativeAppDownloadBottomsheet":true,"timeIntervalInHoursNativeAppInstallPrompt":24,"enableDbQrDownloadBottomSheet":true,"enableDownloadOurApp":false,"dbQrDownloadBottomSheetSecondaryMessageText":"Use the app to get up-to-date store prices and find items with store maps.","feedbackTenantName":"","timeIntervalInHoursDbQrNativeAppInstallBottomSheet":168,"enableShopOurBrandsSection":false,"enableSocialMediaLinks":false,"feedbackFetchMigrationToPlatformFetch":true,"maxNumberOfDbQrDownloadBottomSheetViews":1,"hideGiveFeedbackSection":true,"dbQrDownloadBottomSheetPrimaryMessageText":"Want to check store prices?","enableQuickLinkSection":false,"enableRemarketingEmailSignup":false,"enableNativeAppDownloadStickyBanner":true,"hideContactNumber":false,"enableInStoreWifiAppPrompt":true,"maxNumberOfNativeAppInstallPrompt":2,"enableEmailSignup":false,"enablePrivacyLinkUpdate":true,"enableForceB2BLogout":true,"isFullFooterEnabled":false}},"shared":{"_all_":{"ssrNavBrowserAllowList":"Chrome","enablePreOwnedExperience":true,"showCashbackProgressBar":false,"enableWrongStoreReminderDays":0,"enableEBTCheckBalance":true,"itemReservationsBannerText":"left to buy your item","enableInpMemoCarousel":false,"enableSmileNowPricing":true,"enableMedalliaScript":false,"enableExpandedGiftingEligibility":true,"substitutionItemPriceAndQuantityClarity":true,"enableSubscriptionsInTransaction":true,"enableFulfillmentDisplay":false,"enableDigitalRewards":false,"enableInHomeGuidedDelivery":true,"enableLiquorBoxAlcoholExpansionCartBookslot":true,"cspReportOnlyOverrides":"","enableFullPageCart":true,"enableHubAndSpoke":true,"enableCartParallelFetch":true,"queueRefetchInterval":5000,"enableBuyNowWallet":true,"subscriptionManagePageUrl":"/subscriptions/manage","queueMaxRefetchDuration":900000,"enableLanguagePreferenceDialog":false,"multiSiteRedirectUrl":"https://business.walmart.com/","enableAstCookie":true,"enableDynamicOptionsFeedback":true,"enableSinglePageXO":true,"hideFulFillmentLabel":false,"tmxPathnameRulesDisallowCSV":"^/$,^/ip/,^/search,^/browse,^/shop,^/cp,^/content","enableWplusSignUpOffer":true,"substitutionsOptInClarity":true,"enableInpDeferProductTileLink":false,"enableDynamicMainReducer":false,"helpLinkMPReturnPolicy":"https://www.walmart.com/help/article/walmart-marketplace-return-policy/63c3566a9d3546858582acae2fbfdb7e","enableSSRNavigation":true,"helpLinkTermsOfUse":"https://www.walmart.com/help/article/walmart-com-terms-of-use/3b75080af40340d6bbd596f116fae5a0","enableNewCookieSerializer":false,"enableSpendLimit":false,"enableMultiStorePickup":false,"enablePersistedQueries":true,"enableQueueingCtaRedirection":false,"enableHolidayFreeExpressDelivery":true,"legacySiteEbtRedirectEnabled":false,"enableDifferentCaptchaMethod":false,"enableAdSessionId":true,"disableGetCartSSR":true,"enableAEDynamicPromise":true,"businessRewardsThresholdAmount":"{ \"default\": 250 }","helpLinkStorePurchase":"https://www.walmart.com/help/article/view-store-purchases/f56a1afbf3b5428bb69f0124daa49108","enableReferToFriendIntl":false,"tmxPathnameRulesAllowCSV":"^/cart\\\\b,^/(wallet|payments|partner\\\\Wplus|plus|wmcash)/,^/checkout/(pindrop|review-order),^/account/(phoneverification|profile|plus\\\\Wmanage|payment\\\\Wmethods|giftcards\\\\Wbalance)","enableHotPacSessionTime":0,"enableLawnAndGarden":true,"enableAutoTmxForAll":true,"enableGicEngagement":true,"enableMPPickupBottomSheet":false,"enableWalmartPlusFreeDiscountedExpress":true,"enableSlotsParallelFetch":true,"enableExpressSla":true,"aeModuleHeaderText":"Free pickup","enableSinglePaymentForm":true,"enablePersistedCartId":true,"legacySiteDirectspendingRedirectEnabled":false,"enableUngatedSubscription":false,"enableFeedbackSubmitPageType":true,"enableOutOfStockFiltering":false,"enableBuyNowCXORedirect":false,"helpLinkMobileAlertsTerms":"https://www.walmart.com/help/article/mobile-alerts-terms-of-use/499122d9bba94d08b50e8facf42fcc82","bookSlotPersistentFilterEnable":false,"enableProductCarouselCSR":false,"enableHpRedesign":true,"enableProgressiveCss":false,"enableSpendAnalyticsPhaseTwo":false,"enableTileImageEarlyHint":false,"enableACCVariant":0,"legacySiteNGRedirectEnabled":false,"enableKlarnaBNPL":false,"enableBuyMore":false,"enableWrongStore":0,"enableGICHot":false,"enableBuyNow":true,"enableChargeForSubs":true,"enableSubscriptionForTenant":true,"enableNoOrderMinimumFee":false,"savingsRecommendationFlag":2,"enableManufacturersCoupons":false,"enableSubscriptionsInTransactionScFulfillment":true,"enableDigitalRewardsHistoryV2":false,"enableBusinessOfferCenter":false,"cvEndpoint":"rest","enableSinglePaymentFormWallet":true,"enableQueueing":true,"helpLinkReturnRefunds":"https://www.walmart.com/help/channel/returns-and-refunds/5a33a1f61af8479e9d1bd8b727e9e761","foo":false,"enableBadges":true,"enableItemLevelCheckout":false,"enablePreOwnedBadges":true,"enableWeeklyReservationCartBookslot":false,"bootstrapVersion":"PROD-2.0","enableNewPrivacyBanner":false,"enableGICSpeedFilter":false,"enableHotPostATC":0,"enableMOQ":false,"enableBenefitTracker":true,"placeholder":"US-B2C","enableSubscriptionsPetRxInTransaction":false,"aeModuleHeaderVariation":"variation2","enableAutoTmx":false,"enableInpDeferredRouter":false,"enableListLandingView":true,"enablePFS":false,"enableCSRBootstrapCall":true,"enableFeedbackGqlMigration":true,"enableGICOnboarding":false,"legacySiteInhomeRedirectEnabled":false,"enableLaunchMultiSiteLogoffConfirmationModal":true,"enableSubscriptionDiscounts":false,"enableWaitingHallway":true,"enableGuidedDelivery":true,"queueTimeToCompletePurchase":10,"enableWmtpcBenefitCard":true,"beaconWithQuantumMetrics":false,"enableGifting":true,"enableBuyNowAOS":false,"enableInHomeNudge":false,"enablePartialSwitchModuleLevelCartBookslot":false,"enableOneTimePurchaseDefault":false,"enableNeedHelpOptions":false,"disableAuthHeaderCheck":false,"enableSplitMetric":true,"enableGICBookslot":true,"cacheFullFooterVersion":1,"enableIbotta2xRewards":false,"enableEnhancedCarouselTiles":true,"accSlotShortcutMaxSlotCount":5,"enableSustainabilityBadge":false,"enableOnlyAtWalmartBadge":false,"proSellerBadgeVisibilityType":2,"enableDisplayStartTimeOnlyForACC":false,"isIncludeIphoneMetaTagAfilliateLinks":false,"enableCsp":true,"enableSmileSaveBadge":false,"enableWplusRetentionNudge":true,"enableStoreChooserDefaultAlertFromGIC":true,"enableFPO":true,"enableFloatingAddToOrder":true,"cacheFooterExpireDurationMs":600000,"enableBuyNowSFLPrompt":false,"enableLocalizedStringForReservationText":false,"enablePetRxManualRefill":true,"enableBuyNowPromiseMessage":true,"enableIphoneUrlParams":false,"cacheFullFooterExpireDurationMs":600000,"enableStoreSelectorDefaultStoreAlertFromItemPage":true,"enableFastRefundCredit":true,"enableCheckoutProp65":true,"enableOrderDeviceInfo":false,"downlinkThreshold":"","enableEvergreenSlotBranding":true,"enableWplusACCPayForServiceOnline":false,"enableQueueSizeIncrease":true,"enableACCSchedulingUpsell":false,"mpaSkipURLPatterns":"","enableBuyNowFreeShippingNudge":false,"promoDiscountVisibilityType":"checkbox","enableAccUpsellVariant":1,"cacheHeaderVersion":1,"cacheHeaderExpireDurationMs":600000,"enableACCShipInsteadCTA":false,"enableBuyNowSavings":false,"enableSmileWasPricing":false,"enableBuyNowHot":false,"enableHPO":true,"enableWplusProgramId":true,"enableProductTileSmileyVariant":true,"cacheFooterVersion":1,"enableRebrandRewardsToCash":false,"enableBenefitBadge":true,"enableDxgyBroadscaleWalmartCash":false,"enableBuyNowAspectiva":true,"enableLocalizedStringForReservation":false,"enableEnhancedCarouselTilesByCategory":"5438","enableBuyNowTYUrl":true}},"help":{"_all_":{"chatBotLibraryUrl":"//i5.walmartimages.com/dfw/63fd9f59-b3fe/cacb9a65-3942-4c41-a277-b29649242d39/v1/botchat.js","disableGuestUsers":true,"enableContentUpdates":true,"helpGQLCookieName":"helpgql","showEmailPhone":false,"contactUsEmail":"help@customercare.walmart.com","enableHelpChatTextRetention":true,"contactUsPhone":"1-800-WALMART","enableRedesignExperience":true,"enableThreatMetrixProfiling":true,"chatBotProxyUrl":"https://www.walmart.com/orchestra/helpChat/api","enableChatErrorHandling":true,"enableAppleChat":false,"enableTempoQAL":true,"showChatBot":true,"enableFetchToken":true,"triggerChatFromReturnsPage":true,"chatBotUrl":"https://chat.walmart.com/glass/proxy/v3/directline/tokens/generate","enableStoreFeedbackBanner":true,"searchSuggestionAmount":4,"faqLink":"https://www.walmart.com/help","searchResultsPerPage":10,"enableHelpChatMinimizeOnBlur":true,"enableTagChatAutoPopup":"dWeb","enableUniversalChat":true,"chatBotCSSUrl":"//i5.walmartimages.com/dfw/63fd9f59-b3fe/cacb9a65-3942-4c41-a277-b29649242d39/v1/wm-glass-botchat.css","postMVPFeatureEnable":true,"enableSpanishChat":false,"enableLoginModal":true,"buggySafariRegEx":"(iPod|iPhone|iPad).+ Version/(1([5-6]))|CriOS","enableHelpGQL":true,"enableStoreFeedback":true}},"contentpage":{"_all_":{"enableResponsiveSideNav":true,"enableNoResult":false,"smileVariation":2,"use1xQualityImage":false,"enableTopNav":true,"enableGenericFAQConfig":true,"enableSkinnyBanner":true,"noOfQuestionsToShow":3,"hwPageIds":"1042239,1078664,1078666,1078944,1224932,1228302,1679751,1894700,1898283,2766660,3423461,3769564,3917374,4097505,4101489,4208394,4289766,4379404,4499988,4851429,5075911,5431,5454755,6084505,6730561,7104730,7246282,8910931,9508321,9638815","enablePartialRender":false,"enableHreflangs":false,"enableLeftHandNavDesign":true,"wplusContentPageIds":"8131648","enablePageNotFound":false,"responsiveSideNavEligibleCategories":"5431,1228302,4101489,1894700,5454755,1078664,9508321,4851429,3769564,1042239,8910931,1078666,1078944,9638815","enableCopyBlock":true,"enableDepartmentGridDesign":false,"enableLeadForm":true,"leftHandNavEligibleCategories":"5438,133162,133195,3523459,133197,3891,7712430,1045804,9360765,5800740,1908812,5788073,3377730,6347057,1335384,1071204,8174172,3717275,9055522,1072864,1546896,5428,91416,4125,91083,1229749,1086045,3462603,4161,2636,133073,3944,2637,976793,9569500,976789,976787,976794,976782,976783,976779,9176907,1096070,976780,2975985,976791,3701649,3513393,7128585,1086446,1001320,1005862,1115193,3495493,976760,4661388,3771182,1396434,2571007,1005860,3460237,1544540,1231757,8157003,8213469,976798,5523094,1100706,1005863,1085666,1007219,1007039,1007040,5427,133283,486190,91365,118134,86323,414099,132943,6529511,978579,491351,540912,4718514,4350993,4114611,7552000,2299833,1086304,5358743,6824908,976759,1076905,1089430,7052607,4044,103150,1334134,639999,90828,133012,539095,110892,539105,4038,539103,90548,623679,1231327,90546,539386,102547,4047,1229486,4171,4718514,976798,8636404,1105910,1072335,1699525,1073085,2899782,133277,5525941,1229723,3475115,9206773,4646529,3951,1078524,1720130,1083166,6662018,6120851,7669778,7634768,5440,202072,202073,202074,1001299,1166769,1005859,6833286,228734,4024509,1060825,1095191,77622,1229875,126297,1088766,4104,4096,5454301,1071969,1007221,1007220,1056884,1229019,3920,582053,8571041,9451768,1735450,6972993,6106579,8638707,4288449,6513821,1932863,1414629,1077545,617941,617942,1105635,1077724,4172,4186,1081404,132873,14521,1230089,8561687,5848968,4187,5431,1228302,4101489,5454755,1078664,9508321,4851429,3769564,1224932,1078944,9638815,5271784,7924299,133225,3884472,2444681,7204689,5636258,532459,4294413,1102183,4037,133113,2622648,1045881,5208936,6718514,4510225,9516159,4191,645779,4173,6502732,4134,4089,1102182,6061364,1229594,4091,546956,97116,133020,6177615,4232946,1011919,1032619,1228441,2033628,7007010,7756661,7333633,9035881,1106132,1767021,8331331,4549164,1111647,2724815,9877415,1107532,4128,4155,1001659,1001680,1001321,7404214,7472650,9379334,9573311,112776,6338015,1229722,1075805,111667,1067617,1031899,1161932,1067618,1231459,1045879,8641540,9332706","enableHWBreadcrumb":false,"oilEligibleCategories":3304723,"enableProductTileCollection":false,"productLimit":40,"enableRewardHistory":true,"cpProcessingEnable":true}},"ads":{"_all_":{"adPreviousResponseNullCheck":false,"cpMq1RenderEnable":false,"sbaBannerDesignV3Intl":false,"ipMq1RenderEnable":true,"ipSkReqEnable":true,"enableGetPvId":true,"bpMq2Measure1PEnable":true,"measure3PImpEnable":true,"sbaBrandLabelEnable":false,"bpSkReqEnable":true,"adPreviewMode":false,"adShowAtcFieldEnable":true,"hpMq1Measure1PEnable":true,"hpMq1Measure3PEnable":true,"spSkRenderEnable":true,"bpSpc1ReqEnable":true,"displayUnitWrapperUnmount":true,"enableBrowseAdsRerender":true,"displayCheckIp":false,"updateAdV2QueryUbsEnable":true,"ipBr1Measure3PEnable":true,"cpSkRenderEnable":false,"phSkRenderEnable":true,"ipBr1Measure1PEnable":true,"adManualShelfIdCheck":true,"hpGalMeasure1PEnable":true,"hpGalMeasure3PEnable":true,"spSkMeasure1PEnable":true,"displaySbaLogospQs":true,"adSpClipBeaconEnable":true,"spSkMeasure3PEnable":true,"ipBr1EarlyLoadRootMargin":0,"bpSpc1Measure1PEnable":true,"typMq1ReqEnable":true,"sbaMwebRedesignV2Enable":false,"hpGalRenderEnable":true,"odpSkRenderEnable":true,"adSPIncrementDecrementCheck":true,"spMq1Measure1PEnable":true,"odpSkMeasure1PEnable":true,"odpSkReqEnable":true,"typMq1Measure1PEnable":true,"displaySpMyItems":true,"typSkMeasure3PEnable":true,"bpMq1Measure1PEnable":true,"spMq2ReqEnable":true,"updateAdV2Query2StoreEnable":false,"bpSkRenderEnable":true,"ipMq1Measure1PEnable":true,"odpSkConfigModuleLocation":"top","spSvAdsEligibleBeaconEnable":true,"displayPreviousRenderCheck":true,"spSkReqEnable":true,"hpMq1ReqEnable":true,"bpBigMeasure1PEnable":true,"sbaMwebRedesignV1Enable":true,"ipSkMeasure3PEnable":true,"ipMq2Measure3PEnable":true,"hpMq2Measure3PEnable":true,"spVideoAdsMobileStyling":true,"displayDeduplication":true,"bpMq2Measure3PEnable":true,"blockInternal":true,"ipSkRenderEnable":true,"cpMq2RenderEnable":false,"ipMq2ReqEnable":true,"phSkMeasure1PEnable":true,"ipMq2RenderEnable":true,"sbaBannerLabelEnable":false,"spMq2Measure3PEnable":true,"adResponseBeaconEnable":true,"phSkReqEnable":true,"displayProductPos":true,"hpGalReqEnable":true,"spMq2Measure1PEnable":true,"useLegacyBtfCmp":false,"spSbaDesignIterationsValue":0,"displayOrderDeduplication":true,"enableStackedRecallTracking":true,"cacheBusterTimeDiffMs":180000,"odpSkConfigLazy":400,"bpMq2ReqEnable":true,"spMq1RenderEnable":true,"enableGalleryReRender":false,"bpSkMeasure3PEnable":true,"bpSkMeasure1PEnable":true,"spMq2RenderEnable":true,"enableInGridInViewBeaconFix":true,"ipSpc2Measure1PEnable":true,"displayPoVAdBlockerEnable":true,"enableProductBrandOnBeacon":false,"spSvDisableBadges":true,"myitemsMeasure1PEnable":true,"bpMq1ReqEnable":true,"displayAddlInfo":true,"adsXpa":"wA4s1,KFmHO,2U022,kLTe3,SK3g0,Uu0h6,Ahrqe,rUz5r,8iEA9,-5ZDV","typMq1RenderEnable":true,"bpMq1RenderEnable":true,"hpMq2RenderEnable":true,"bpMq2RenderEnable":true,"moatIvt":"https://www.walmart.com/swag/v2/ip-rd","ipSpc2ReqEnable":true,"hpMq1RenderEnable":true,"phSkConfigLazy":400,"ipBr1RenderEnable":true,"spSvMwebLoadingFixEnable":true,"displayProductsPos":false,"enableBrandBoxEarlyLoad":false,"odpSkMeasure3PEnable":true,"typMq1Measure3PEnable":true,"typSkRenderEnable":true,"hpP13nMeasure1PEnable":true,"typSkMeasure1PEnable":true,"spSvGridPositionBeacon":true,"adViewableGmBeaconCheck":true,"ipSkMeasure1PEnable":true,"spMq1Measure3PEnable":true,"ipSpc1ReqEnable":true,"phSkConfigModuleLocation":"top","lazyRenderCmp":false,"ipMq1Measure3PEnable":true,"phSkMeasure3PEnable":true,"safeframeURL":"https://i5.walmartimages.com/dfw/63fd9f59-d6ba/07b8ea82-184c-4ea3-8ac0-5dc1981e40c8/v33/safeframe.html","typSkReqEnable":true,"displayPPMMode":true,"bpMq1Measure3PEnable":true,"ipSpc1Measure1PEnable":true,"ipMq1ReqEnable":true,"ipMq2Measure1PEnable":true,"hpMq2Measure1PEnable":true,"spMq1ReqEnable":true,"ipBr1MinScreenHeight":768,"ipP13nMeasure1PEnable":true,"spSpc1ReqEnable":true,"adCategoryTakeoverCheck":true,"hpMq2ReqEnable":true,"spSpc1Measure1PEnable":true,"hpPovLockoutPriorityEnable":true,"ipBr1ReqEnable":true,"spSvplaysInline":true,"spSvLoopCompleteEventEnable":true,"ipMq1DSPEnable":true,"enableHpRedesignXPA":true,"opAllAdsEnableAdsBtfCmpV3":false,"pacSkDisableTopPadding":false,"ipBr1VideoDSPEnabled":true,"bpSkFeedbackEnable":true,"bpMq2FeedbackEnable":true,"hpAbF4Measure3PEnable":true,"pacSkMeasure3PEnable":false,"pacSkMeasure1PEnable":false,"adsHpControlGroupXpa":"T0FRM,HP1Ng,YJYo7,YzvhK","spSvInViewRemoveVideoData":true,"enableVideoTracker":true,"enableIpBr1CreativeV1":true,"hpAbF4Measure1PEnable":true,"bpSpcEnableAdsBtfCmpV3":false,"spSigFeedbackEnable":true,"sbaUiEnhanceEnable":false,"spSvUiAlphaUpdate":true,"ipMq1FeedbackEnable":true,"cartP13nMeasure1PEnable":true,"hpGalAdViewableGmBeaconFix":true,"enableBlendedSpAdsVariation":false,"hpRedesignVisitedXpa":"hprXp","ipMq2Version":"","spSvHideTabletVideo":true,"bpSigFeedbackMobileEnable":false,"shpSkRenderEnable":true,"adsControlGroupXpa":"T0FRM,HP1Ng,YJYo7,YzvhK","moatRefactorEnable":false,"bpDacBottomReqEnable":false,"ipMq2FeedbackMobileEnable":false,"fillEmptyLocWithProductLocEnable":false,"enableAdV3Query":false,"bpMq1DSPEnable":true,"bpSkFeedbackMobileEnable":false,"hpAbF5Measure3PEnable":true,"hpGpbFs1Measure3PEnable":true,"hpGpbFs1DSPEnable":true,"infoIconClickEnable":true,"spSvRenderedImpressionEnable":true,"spTrackingRefactorEnable":true,"defaultLocationZipCode":"","spMq2FeedbackMobileEnable":false,"bpGalBottomMeasure3PEnable":false,"enableMqCreativeV1":true,"dspViewabilityTracking":true,"openRTBDisplayAdsBundleSafeframeURL":"https://i5.walmartimages.com/dfw/63fd9f59-afe1/7adb6fe1-4149-4ebe-b4c7-2ea1921d4a19/v34/openrtb-template-wrapper.html","hpTpFs2ReqEnable":true,"typMq1DSPEnable":true,"ipBbReqEnable":true,"shpSingleTTO2Measure3PEnable":false,"hpAbF5ReqEnable":true,"shpSkEnableAdsBtfCmpV3":false,"enableGalleryItemChanges":true,"spGalBottomMeasure1PEnable":false,"spSigFeedbackMobileEnable":false,"pacSkDSPEnable":false,"spGalBottomRenderEnable":false,"ipSkFeedbackMobileEnable":false,"ipGalTopMeasure1PEnable":false,"enableSponsoredRedirectParam":true,"spGalBottomDSPEnable":false,"ipGalMiddleMeasure1PEnable":false,"unfilledAdResponseBeaconEnable":false,"hpSpcEnableAdsBtfCmpV3":false,"hpAbF5FeedbackEnable":false,"spGalRenderEnable":false,"spDacBottomReqEnable":false,"enableGalleryMultipleLocations":true,"hpAbF5DSPEnable":false,"enableGalleryV2Design":true,"hpTpFs2RenderEnable":true,"adResponseBeaconRefactorEnable":true,"bpGalBottomDSPEnable":false,"typAllEnableAdsBtfCmpV3":false,"ipMq2FeedbackEnable":true,"adRequestBeaconEnable":false,"bpMq2FeedbackMobileEnable":false,"spMq1DSPEnable":true,"spSbaDesignIterationsEnable":false,"shpSingleTTO1Measure3PEnable":false,"adsSubscriptionPriceEnable":true,"ipGalMiddleReqEnable":false,"hpGalMiddleReqEnable":true,"hpGpbFs3DSPEnable":true,"contentPageClickBeaconEnable":true,"bpMq2DSPEnable":true,"spSvViewableBeaconEnable":true,"bpGalMeasure1PEnable":false,"useSearchBrowseBtfCmp":false,"hpAbF4RenderEnable":true,"spSvV2HookEnable":true,"bpMq1FeedbackMobileEnable":false,"hpGpbFs1ReqEnable":true,"typSkDSPEnable":true,"bpGalRenderEnable":false,"enableCreativeTypeBeacon":true,"bpSigFeedbackEnable":true,"bpMq1FeedbackEnable":true,"updatedAdBlockerDetectionEnabled":true,"enableSeasonalColorOption":false,"spSvLazyLoadingEnable":true,"ipGalMiddleRenderEnable":false,"pacSkReqEnable":false,"hpGpbFs1Measure1PEnable":true,"spGalMeasure1PEnable":false,"spSkEnableAdsBtfCmpV3":false,"enableBbWPlusEA":true,"shpSigMeasure1PEnable":false,"bpGalBottomRenderEnable":false,"shpSingleTTO2ReqEnable":false,"displayIdentifyAdServer":true,"ipMq2DSPEnable":true,"ipAllAdsEnableAdsBtfCmpV3":false,"bpMqEnableAdsBtfCmpV3":false,"enableCenterAlignBrandBox":false,"feedbackForVideoRefactor":false,"shpSingleTTO2Measure1PEnable":false,"addSpVideoNaBeacon":true,"spMq2FeedbackEnable":true,"enableAdSmilePricing":true,"hpTpFs1ReqEnable":true,"enableLegalDisclaimerSponsored":true,"shpSkMeasure1PEnable":true,"hpGalMiddleMeasure3PEnable":true,"enableSvTestAds":false,"spAtcTrackBeaconFix":true,"bpGalReqEnable":false,"spSkDSPEnable":true,"spSvYabasVideoModuleViewEnable":true,"spMqEnableAdsBtfCmpV3":false,"videoEarlyloadOffset":1200,"shpSingleTTO2RenderEnable":false,"videoViewabilityFix":true,"hpMqEnableAdsBtfCmpV3":false,"hpTpFs1Measure1PEnable":true,"shpSingleTTO1RenderEnable":false,"spMq1FeedbackEnable":true,"spGalDSPEnable":false,"hpTpFs1DSPEnable":true,"ipSkFeedbackEnable":true,"hpAbF4FeedbackEnable":false,"videoCCEnable":true,"hpMq2DSPEnable":true,"hpTpFs2FeedbackEnable":false,"spSvAutoGenCcDisclaimerEnabled":true,"adSpBuyNowBeaconEnable":false,"sponsoredLabelTextColor":"#74767C","hpTpFs1Measure3PEnable":true,"bpSkDSPEnable":true,"hpGpbFs2FeedbackEnable":false,"spGalMiddleDSPEnable":false,"ipGalTopReqEnable":false,"spSvContainerEnable":true,"enableMyitemsBlending":false,"spSkFeedbackMobileEnable":false,"spSigMeasure1PEnable":true,"hpTpFs2Measure3PEnable":true,"spGalReqEnable":false,"hpTpFs2Measure1PEnable":true,"videoPerformanceTrackerEnable":true,"ipMq1FeedbackMobileEnable":false,"revertViewabilityTimerFix":false,"hpGalMiddleMeasure1PEnable":true,"hpGalMiddleDSPEnable":true,"spGalMeasure3PEnable":false,"hpGpbFs3ReqEnable":true,"shpSkReqEnable":true,"spIbottaEnable":true,"hpGpbFs3RenderEnable":true,"hpGalMiddleFontChangesEnable":true,"hpGpbFs2RenderEnable":true,"defaultLocationStateCode":"","spSvPlmtMacroReplaceEnable":true,"bpSkEnableAdsBtfCmpV3":false,"enableAdUnitVersion":false,"enableAdsBtfCmpV3":false,"buyBoxVariations":"3","bpGalDSPEnable":false,"enableSearchGalleryMaxWidth":false,"hpTpFs3DSPEnable":true,"spMq1FeedbackMobileEnable":false,"hpGpbFs2Measure1PEnable":true,"hpGpbFs1RenderEnable":true,"enableMyitemsSortPlacementBeacon":true,"display3PVisibilityCheck":true,"spSvFeedbackEnable":false,"shpSkMeasure3PEnable":true,"hpGpbFs3Measure3PEnable":true,"hpGalMiddleFeedbackEnable":false,"disableLowPriorityBeacons":false,"shpSingleTTO1ReqEnable":false,"povMrcFix":true,"ipGalTopRenderEnable":false,"hpTpFs3Measure1PEnable":true,"ipGalMiddleDSPEnable":false,"hpTpFs3Measure3PEnable":true,"hpTpFs1RenderEnable":true,"hpAbF4ReqEnable":true,"hpTpFs3RenderEnable":true,"ipBr1VideoMeasure3PEnable":false,"hpGpbFs1FeedbackEnable":false,"enableMyitemsAtcSortPlacementBeacon":true,"videoMaxHeight":360,"dspProcessingEnable":true,"hpFontStyleFix":true,"hpGpbFs2DSPEnable":true,"ipBr1DSPEnable":true,"enableDisclaimerIconVar1":true,"enableSpcWPlusEA":true,"spSvMeasure1PEnable":true,"shpSingleTTO1Measure1PEnable":false,"spSvVideoTrackingEnable":true,"currCpSafeframeURL":"https://i5.walmartimages.com/dfw/63fd9f59-afe1/7adb6fe1-4149-4ebe-b4c7-2ea1921d4a19/v12/safeframe-content-page.html","ipBr1Version":"","highlyRatedCarouselEnable":false,"spSbaReqEnable":true,"spSvPerformanceTrackingEnable":true,"spSpcEnableAdsBtfCmpV3":false,"spSkFeedbackEnable":true,"hpAbF4DSPEnable":false,"viewableBeaconFix":true,"hpGpbFs2ReqEnable":true,"adsQuickshopBeaconEnable":true,"ipBbMeasure1PEnable":true,"hpGalMiddleRenderEnable":true,"hpAbF5RenderEnable":true,"bpGalMeasure3PEnable":false,"hpTpFs3ReqEnable":true,"spSvDynamicPosEnable":true,"hpTpFs3FeedbackEnable":false,"pacP13nMeasure1PEnable":true,"pacSkRenderEnable":false,"bpGalMiddleDSPEnable":false,"enableAtcItemClickBeaconFix":true,"hpTpFsAllDisableLoadingCard":true,"ipGalTopDSPEnable":false,"bpGalBottomMeasure1PEnable":false,"hpMq1DSPEnable":false,"enableGalleryTitle":true,"hpOldPageVisitedXpa":"hpXpa","hpAbF5Measure1PEnable":true,"safeframeTemplatesEnable":false,"hpGpbFs3FeedbackEnable":false,"adsHotBadging":false,"hpGalEnableAdsBtfCmpV3":false,"spGalBottomMeasure3PEnable":false,"spBbTranche2Enable":true,"ipBbLazyLoadingEnable":false,"spSbaMeasure1PEnable":true,"hpGpbFs3Measure1PEnable":true,"dspMultiProcessingEnable":true,"ipSkDSPEnable":true,"spSvRenderEnable":true,"ipMq1Version":"","spSvYabasVideoClickEnable":true,"ipGalTopMeasure3PEnable":false,"spSvReqEnable":true,"hpTpFs1FeedbackEnable":false,"hpGpbFs2Measure3PEnable":true,"shpSkDSPEnable":true,"enableVideoUIErrorState":true,"spMq2DSPEnable":true,"hpTpFs2DSPEnable":true,"ipGalMiddleMeasure3PEnable":false}},"wallet":{"_all_":{"enableIncommTiles":true,"enableDigitalRewards":true,"enableDVR":true,"enableIncommDS":true,"eGiftCardLinkUrl":"/browse/gifts-registry/egift-cards/1094765_96894_4851051_2852534?sort=best_match\u0026cat_id=1094765_96894_4851051_2852534_3326919\u0026stores=3081\u0026ps=40\u0026facet=brand%3AWalmart","enableCardNumberFirst":false,"enableExpirySingleField":false,"enableBCBSA":true,"enableCXODelayedMessage":false,"enableFIS":true,"enableSolutranDual":true,"enableEbtSeeBalance":true,"placeholder":1,"enableNewOneWalletAd":true,"enableNewOneCardArt":true,"enableEGiftCardLinkFix":true,"enablePayByBank":false,"enableSkyTransactionHistory":true,"oneCardUtmCampaign":"WM_BetaTest_PT_DIS_ACT_CVR_ONE_USA_MTD_V1","enableNewOneWalletAd2":true,"enableOneBanner":true,"disableRemoveSubmitQuery":true,"oneCardUtmContent":"IMG_PRD_BON_WMD-WLT-WLUA-Product1HeadlineACopyA_PIL_PRP_PUC_NPP_NTR"}},"wplus":{"_all_":{"paidSavingsThreshold":15,"eventOffersProgramId":"discmemb22","enableSingleClickReactivation":true,"enableRewardsCenter":true,"enableEventOffers":false,"ignoreCohortReVerification":"","enableEventOffersPlanExpired":true,"enableSplashPageWalletPayPal":true,"enableCohort":"assist","enableLegalUpdatesPartnerPages":true,"enableSpot22":true,"enablePickYourBillingDate":true,"enableSecMlp":true,"splashModalDelayRequestTimeInHours":0,"enablePlusupsReactivationCancelledActiveExpired":true,"enableUnauthenticatedChoosePlans":false,"enableInHomeAddon":true,"enablePauseMembership":true,"enable30DayTrial":true,"enableSplashModalAutoLaunch":true,"isEAFreeMonthsOnCancelEnabled":true,"splashModalPlusUps":"inHome","enableOptionalPromoCodeOnBDP":true,"enableTrialExtension":false,"enableAssistMembership":true,"trialSavingsThreshold":15,"directMembershipProgramId":"earlyaccess21","enableWplusWeeklyReservation":true,"enableGiftingErrorScreen":false,"enableCancellationTrialExtension":false,"enableB2B2CV1":true,"eventOffersProgramName":"discountedmembership","enableAmexSwitchPlanDisclaimer":true,"enableDifferentiatedMemberExperience":true,"enableExpressSignUp":true,"isMemberEligibleForUpgrade":false,"enableDunning":true,"wplusWeekOffers":"cinemarkbogo,cinemarkb2g1,wplusweek,PaidOfferAccess","enableTempoPromoCodePage":false,"enableInHomeCancellationSurvey":true,"enableSingleClickReactivationWallet":true,"enableCashback":true,"redirectUpgradeCtaToPaidProgramId":"","enableEarlyAccess":true,"enableChoosePlansWallet":true,"enableCancellationOlMigration":true,"enableSplashPageWallet":true,"enableTempoMembershipLandingPage":false,"enableMlpImageResize":false,"enableAppeasementSplashModal":true,"enablePersonalizedSavingsA":true,"enableDirectBusinessMembershipOffer":false,"inHomeRedirectUrl":"https://inhome.walmart.com/partnership/chamberlain","dynamicCopyMode":"STATIC","enableWalmartPlus":true,"enablePersonalizedSavingsB":false,"enableB2B2CV1Dot1":true,"enableWplusSplashPage":true,"enableConsolidationBilling":true,"cohortVerifiedInHours":720,"enablePaymentValidation":true,"splashPaymentErrorEnabled":true,"enableManageMembershipWallet":true,"enableManageMembershipWalletPayPal":true,"enablePTABusinessMembership":false,"isEAFreeMonthsOnChangeEnabled":false,"enableShowChatOption":true,"enableMultiBenefitVariations":true,"enabledAutoRenewUpdate":true,"enableInHomeAddressValidation":true,"enableSplashUIVersion":"","enableDxGyPromoAutomation":true,"enableSingleClickReactivationWalletPayPal":true,"enableTrialToPaid":true,"enableHubOlMigration":true,"enableSSRPlansPage":true,"enableRAFSweepstakes":false,"enableWplusSignupOffers":true,"isGiftingMembershipEnabled":true,"enableSubscription":true,"enablePickYourBillingDatePostMvp":true,"enablePromoStrikeThroughPrice":true,"enableBogleSignup":false,"enableGamification":true,"enableChoosePlansWalletPayPal":true,"enableMlp":true,"enableNoPaymentSplashPage":false,"enableChamberlain":true,"enablePromoCodeValidationPrograms":"delta","enableRAFDirectToPaid":true,"programData":"{\"wbmembertry90\":{\"trialDays\":\"90\"},\"wbpartnertry90\":{\"trialDays\":\"90\"},\"wbmembertry180\":{\"trialDays\":\"180\"},\"wbpartnertry180\":{\"trialDays\":\"180\"},\"fam180wbmember\":{\"trialDays\":\"180\"},\"wb180membernp\":{\"trialDays\":\"180\"}}","enableOfferLedClipping":false,"enableReferAFriend":false,"enableLegalUpdates":true,"enableBenefitEngagementPage":true,"enableCashBackPlans":true,"isParamountUpgradeEnabled":true,"enableCashDashboard":true,"enableBadging":true,"paramount22RedirectUrl":"https://www.paramountplus.com/walmartplus/connect/","enableOfferListV1":true,"enableAdjustNonMemberMessaging":true,"enableHybridCohort":"","enableCashbackRebrand":true,"enableEaModules":true,"enableCashbackLogoRebrand":true,"enablePageSource":true,"paramount22SsoClientId":"1cad36da-b4c7-4e13-8460-71ff50ced7e2","enableDealSeeker":true,"cancelCtaGroupVariation":"CONTROL","enableParamountPlus22Reactivate":false,"activateProgramId":"instantwplusweek","enableMembershipEngagementChallenge":true,"enableRevampedBenefitsCard":true,"paramountEssentialPrice":"/{\"Monthly\":5.99,\"Annually\":59.99}/","wplusWeekTrialMemberProgramId":"wplusweek23_convert_6monthoff","enableBDPBreadcrumb":true,"enableExpiredUserRouting":true,"wplusWeekPaidMemberProgramId":"wplusweek23_upgrade_6monthoff","enableAmexGoldSwitchPlanDisclaimer":true,"enableRemindMeLater":true,"enableAppScreenTakeOver":true,"enableOC22":true,"enableMembershipYearinreview":false,"enableLegalUpdatesSplashPage":false,"enableHubRedesign":true,"enableLegalUpdatesActivatePage":"versionA","enablePartnerLandingPage":true,"enableParamountCancelCTA":true,"isAnnualPlanOfferEnabled":false,"enabledMembershipSplashTrialToPaid":true,"enableLegalUpdatesPlansPage":"","eaModulesMaxDisplayPerSession":1,"wplusWeekProgramName":"wplusweek","enableParamount22":false,"eaModulesAllowedPath":"/shop/deals/cyber-monday","enableInHomeLandingPage":true,"enableCohortMembershipFastFollow":true}}},"membership":{"data":{"shouldShowWplusLogo":false}}},"enableGqlCsrRedirect":true,"nonce":"aVKqljLOdi0F3bzk","persistedQueriesConfig":{"allowList":[""],"blackList":[""],"enableAllowList":false,"enablePersistedQueries":true},"excludeBeacon":false,"isNextPublicMocksEnabled":false,"adSessionId":"33368163c515c7eebaf7a27ddea5801d"}},"page":"/content/[...categoryParams]","query":{"page":"1","sort":"alpha","categoryParams":["wine","8604954"]},"buildId":"production_20231214T221012277Z-en-US","assetPrefix":"https://i5.walmartimages.com/dfw/63fd9f59-2a88/0f4e2c10-a934-4511-b0b6-8e629aae96e5/v2/en-US","runtimeConfig":{"nxApplicationName":"US-JOURNEY","isDev":false,"enableLatencyTrace":true,"tenant":"WM_GLASS","vid":"oaoh","tenantV2":{"bu":"WALMART-US","mart":"B2C"},"mockURL":"http://mock-backend.dev.walmart.com/","mock":true,"endpointMappings":{"operations":{"query configuration":"cegateway","query RewardsHistoryPage":"cegateway","query ContentPage":"cegateway","query BrandPage":"cegateway","query checkItemCartEligibility":"cecxo","mutation MergeAndGetCart":"cecxo","query getGuestOrder":"cegateway","query PurchaseHistory":"cecph","mutation NotifyCapOneBannerSnooze":"cegateway","mutation CancelOrder":"cecph","query LastCallPage":"cegateway","query AdV2Display":"adsgateway","query GetCommPreference":"cegateway","query PurchasedProtectionPlans":"cecph","query PurchasedProtectionPlansV2":"cecph","query ProtectionPlanDetail":"cecph","query subscriptions":"cegateway","query NodeDetailQuery":"cegateway","query NearbyNodesQuery":"cegateway","query LocalStoreContentQuery":"cegateway","query CartSubstitutions":"cegateway","query CartShopSimilar":"cegateway","query GetEarlyAccessLearnMoreData":"ceaccount","query PostCartLoadPage":"cegateway","query SearchStore":"cegateway","query LocalStoreCategoryContent":"cegateway","query nodeDetails":"cegateway","query storeFinderNearbyNodesQuery":"cegateway","mutation CreateInsuranceSalesLead":"wellness","mutation setPickup":"cecxo","query getCart":"cegateway","query feedShowCategories":"cegateway","query feedsByStatus":"cegateway","query feedShow":"cegateway","query feedsByStatusPaginated":"cegateway","query SavingsDashboard":"cegateway","mutation cancelReturnOrder":"cereturns","query GetDeliveryPreferences":"cegateway","query LensCustomizationProductIdmlQuery":"cepdp","mutation createHealthBenefitCard":"ceaccounthw"},"queryStrings":{"step=cart":"cecxo","step=bookslot":"cecxo","entitytype=*":"ceorders","state=*":"ceorders","source=*":"ceorders"},"pages":{"*":"cegateway","/":"cegateway","/hp-redesign":"cegateway","/404":"cegateway","/acc/[id]":"cegateway","/acc/schedule-oil-change":"cecxo","/account/*":"cegateway","/all-departments":"cegateway","/browse/*":"cegateway","/c/[...seo]":"cegateway","/c/auto-directory/*":"cegateway","/ci-control":"cegateway","/cp/[...categoryParams]":"cegateway","/content/[...categoryParams]":"cegateway","/brand/[...brandParams]":"cegateway","/brand/branddirectory":"cegateway","/help/*":"cegateway","/i/*":"cegateway","/ip/[...itemParams]":"cegateway","/lists/*":"cegateway","/my-items":"cegateway","/my-registries":"cegateway","/shop/*":"cegateway","/shop/[...seo]":"cegateway","/nonprofits/*":"cegateway","/orders/*":"ceorders","/partner/plus/*":"cegateway","/plus/*":"cegateway","/wp/*":"cegateway","/product/[...itemParams]":"cegateway","/registry/*":"cegateway","/reviews/*":"cegateway","/search/*":"cegateway","/seller/*":"cegateway","/services":"cegateway","/store":"cegateway","/store/[storeId]":"cegateway","/store/[storeId]/[...contentType]":"cegateway","/sparkgood/*":"cegateway","/organizations/*":"cegateway","/thankyou":"cecxo","/thankyou/pindrop":"cecxo","/topic/[...seo]":"cegateway","/tp/*":"cegateway","/update-payment-method-form":"cegateway","/update-payment-method":"cegateway","/wallet/associate-discount":"cegateway","/subscriptions/manage":"cegateway","/cart":"cecxo","/pac":"cecxo","/updatecart":"cecxo","/shopwithme/*":"cegateway","/rewards-history":"cegateway","/global/*":"cegateway","/global/[...seo]":"cegateway","/live":"cegateway","/live-next":"cegateway","/live-next/browse":"cegateway","/savings":"cegateway","/cash-overview":"cegateway","/in-store-wifi/*":"cegateway","/live-next/shows":"cegateway","/g/*":"cegateway","/g/[...seo]":"cegateway","/gic":"cegateway","/fittingroom":"cegateway","/protection-plans":"cecph","/inhome/*":"cegateway","/user-query":"cecxo","/assistant":"cecxo","/showroom":"cegateway","/showroom/[name]/[id]":"cegateway","/omniservicesplatform":"cecxo"}},"googleMaps":{"checkAddressAPIKey":"AIzaSyCX5gh3yoq4316wUDxRpljFOwWA6_-BEMg","addressAPIKey":"AIzaSyBIAnB1a3UejjFVRNtszhaEE8yrKySRTEo","geoCodingAPIKey":"AIzaSyBvv63fBVZ1RtNJLGkN9XCFE1WfVl0o1HY","riseMapAPIKey":{"dev":"AIzaSyA9K6pBcYvCp4_FxKHsPi-JDJfvcvSbtp0","defaultKey":"AIzaSyA0Gi6N7afDzAqBiPI3MlWDMaaxC5xKldM"}},"membershipConfig":{"showWPlusBanner":true},"pulseBeacon":{"enable":true,"hostname":"i5.walmartimages.com","bd":"beacon.walmart.com","bh":"beacon.lightestwithqm.walmart.com","hostWithQM":"beacon.lightestwithqm.walmart.com","hostWithoutQM":"beacon.lightest.walmart.com","photoHost":"beacon.photowithqm.walmart.com","photoHostWithoutQM":"beacon.photo.walmart.com"},"perimeterX":{"enable":true,"initScript":"https://www.walmart.com/px/PXu6b0qd2S/init.js"},"identity":{"context":{"signOutUrl":"/account/logout","signInPathname":"/account/login","createAccountPathname":"/account/signup","tenants":[{"host":{"stage":"business-stage.walmart.com","teflon":"business-teflon.walmart.com","production":"business.walmart.com"},"mart":"B2B","templates":["B2BSignUpPage","B2BSignInPage","B2BSignInWithPasswordOnlyPage","B2BSignInWithOTPChoicePage","B2BSignInWithOTPOnlyPage"]}],"marketingEmails":true,"rightsReservedText":"","footerOptions":[],"termsLink":"","privacyLink":"","enableRobotsTag":false,"hideFooter":false},"authFrameRoutes":{"frame":"/account/login","reauthFrame":"/account/login","gxoSignup":"/account/signup/gxo","gxoSignin":"/account/login"}},"threatMetrix":{"enable":true},"paymentsPageUrl":"https://wallet.walmart.com/payments?wv=main","paymentsChooserPageUrl":"https://wallet.walmart.com/payments/chooser","walletPageUrl":"https://wallet.walmart.com/payments/wallet","ads":{"env":"production","host":"https://www.walmart.com","moatId":"WALMART_DISPLAY_S2S1","moatVideoId":"WALMART_VIDEO_S2S1"},"moatIvt":"https://www.walmart.com/swag/v2/ip-rd","rewardsTravelUrl":"https://walmartplustravel.com/trips","appVersion":"us-web-1.106.1-a4825f50961cb2cde8a88357cc99e8ada972f5fa-1214","appSha":"a4825f50961cb2cde8a88357cc99e8ada972f5fa","profile":"production","tmxOrgId":"hgy2n0ks","dataCenter":"wus2","queryContext":{"appVersion":"us-web-1.106.1-a4825f50961cb2cde8a88357cc99e8ada972f5fa-1214","gql":{"endpointsByName":{"ceaccount":"/orchestra/account/graphql","cecxo":"/orchestra/cartxo/graphql","cecph":"/orchestra/cph/graphql","adsgateway":"/swag/graphql","aroundme":"/around-me/graphql","ceorders":"/orchestra/orders/graphql","cegateway":"/orchestra/home/graphql","ceaccounthw":"/orchestra/hw/graphql","cepdp":"/orchestra/pdp/graphql","wellness":"https://developer.api.us2.walmart.com/api-proxy/service/hw/wellnessplusservice/v1/graphql","cereturns":"/orchestra/orders/graphql"}},"rest":{"endpointsByName":{"cereturns":"/orchestra/api/returns","ceaccount":"/orchestra/api/account","cehelp":"/orchestra/help/api","cehelpchat":"/orchestra/helpChat/api","ceidentity":"/orchestra/account/electrode/api/identity","typeahead":"/typeahead/v3/complete","espvalidation":"/esp/prepaid/v1/plans","warppaymentoptions":"/orchestra/api/online/variantbasic/item","cewarp":"/orchestra/api/warp","ceccm":"/orchestra/api/ccm/v2/bootstrap","ceccm2":"/orchestra/api/ccm/v2/bootstrap","cewireless":"/orchestra/api/wireless","storeservices":"/graphql","fuelPrices":"/graphql","feedbackSubmit":"/orchestra/api/customer-survey/submit","quimbyMobile":"/orchestra/api/tempo","shopwithme":"/feeds"}}}},"isFallback":false,"dynamicIds":[613480,23530,689200,613844,721073],"customServer":true,"gip":true,"appGip":true,"locale":"en","locales":["en","es"],"defaultLocale":"en","scriptLoader":[]}</script><script id="release-metadata" type="application/json" nonce="aVKqljLOdi0F3bzk">{"appVersion":"us-web-1.106.1-a4825f50961cb2cde8a88357cc99e8ada972f5fa-1214","dataCenter":"wus2"}</script><script nonce="aVKqljLOdi0F3bzk">window.SW_DOMAIN = "walmart.com"</script><script nonce="aVKqljLOdi0F3bzk">(function(e){var t=e.document;BOOMR=e.BOOMR||{};BOOMR.plugins=BOOMR.plugins||{};var n={localStorageTestKey:"TorbitLSTest",pageTags:[],pageConversions:[],initHasRun:false};BOOMR.plugins.pageMeta={init:function(r){initHasRun=true;try{localStorage.setItem(n.localStorageTestKey,n.localStorageTestKey);localStorage.removeItem(n.localStorageTestKey);BOOMR.addVar("ls",1)}catch(i){BOOMR.addVar("ls",0)}if(e.location.protocol=="https:")BOOMR.addVar("prt",1);else BOOMR.addVar("prt",0);BOOMR.addVar("ref",t.referrer);if(e.performance&&e.performance.memory){for(m_name in e.performance.memory){if(e.performance.memory.hasOwnProperty(m_name)){BOOMR.addVar(m_name,e.performance.memory[m_name])}}}BOOMR.addVar("wH",e.innerHeight||t.body.clientHeight||t.documentElement.clientHeight);BOOMR.addVar("tags",n.pageTags.join("|"));return this},addTag:function(e){n.pageTags.push(e);if(!n.initHasRun){return}BOOMR.addVar("tags",n.pageTags.join("|"))},addConversion:function(e,t){var r=e;if(t&&(t>0||t.length>0))r=e+"="+t;n.pageConversions.push(r);BOOMR.addVar("conversion",n.pageConversions.join("|"))},is_complete:function(){return true}}})(window);(function(e){try{e._tbq=e._tbq||[];_tbq.push=function(e){if(e.length<1||!e[0])return;switch(e[0]){case"tag":if(e.length<2)return;BOOMR.plugins.pageMeta.addTag(e[1]);break;case"startTimer":if(e.length<2)return;BOOMR.plugins.customEvents.startTimer(e[1]);break;case"endTimer":if(e.length<2)return;BOOMR.plugins.customEvents.endTimer(e[1]);break}};for(i in _tbq){if(_tbq.hasOwnProperty(i)&&i!="push"){_tbq.push(_tbq[i]);delete _tbq[i]}}}catch(t){}})(window);</script><script nonce="aVKqljLOdi0F3bzk">window._pxAppId = 'PXu6b0qd2S'</script><script async="async" defer="defer" src="/px/PXu6b0qd2S/init.js" nonce="aVKqljLOdi0F3bzk"></script></body></html>