<!DOCTYPE html><html lang="en-US"><head><link href="//tpc.googlesyndication.com" rel="dns-prefetch"/><meta charset="utf-8"/><script id="ttp-marker" blocking="render" nonce="FUM0e-bhCe9pB-0r">(()=>{window.performance.mark("ttp")})();</script><meta property="fb:app_id" content="105223049547814"/><meta name="viewport" content="width=device-width, initial-scale=1.0, minimum-scale=1, interactive-widget=resizes-content"/><link rel="dns-prefetch" href="https://tap.walmart.com "/><link rel="preload" fetchpriority="high" crossorigin="anonymous" href="https://i5.walmartimages.com/dfw/63fd9f59-a78c/fcfae9b6-2f69-4f89-beed-f0eeb4237946/v1/BogleWeb_subset-Bold.woff2" as="font" type="font/woff2"/><link rel="preload" fetchpriority="high" crossorigin="anonymous" href="https://i5.walmartimages.com/dfw/63fd9f59-a78c/fcfae9b6-2f69-4f89-beed-f0eeb4237946/v1/BogleWeb_subset-Regular.woff2" as="font" type="font/woff2"/><link rel="preconnect" href="https://beacon.walmart.com"/><link rel="preconnect" href="https://b.wal.co"/><script nonce="FUM0e-bhCe9pB-0r">var _bcq=_bcq || [];_bcq.push(['_setOptions',{start_time:(new Date()).getTime(),bd:'beacon.walmart.com',bh:'beacon.lightest.walmart.com',sv:'1.2.114'}]);(function initObserver(){function getSessionId(){var nextEl=document.getElementById("__NEXT_DATA__");var text=nextEl&&nextEl.textContent;var dd;try{dd=JSON.parse(text||"{}")}catch(exc){dd={}}var sid=dd&&dd.props&&dd.props.pageProps&&dd.props.pageProps.isomorphicSessionId;return sid||"unknown"}function getContextInfo(propName){var nextEl=document.getElementById("__NEXT_DATA__");var text=nextEl&&nextEl.textContent;var dd;try{dd=JSON.parse(text||"{}")}catch(exc){dd={}}return dd&&dd.runtimeConfig&&dd.runtimeConfig[propName]||"unknown"}function onerror(evt){var el=evt.target;var url=el.getAttribute("src")||el.getAttribute("href");_bcq.push(["_tagAction","walmartWeb","log","wcnp_walmart-web",{msg:{isomorphicSessionId:getSessionId(),appVersion:getContextInfo("appVersion"),datacenter:getContextInfo("dataCenter"),message:{logContent:{message:"Required script failed to load. "+url},type:"CONSOLE_ERROR"},tags:["error","platform","client-error-logger"]},pg:{nm:"walmartWeb"},ta:{}}])}function onchange(changes){if(!(changes&&changes.length)){return}for(var chg of changes){var added=chg.addedNodes;if(!(added&&added.length&&chg.type==="childList")){continue}var node=added[0];var tag=node.nodeName;var rel=node.rel;var isLink=tag==="LINK";var isCss=isLink&&rel==="stylesheet";var isPreload=isLink&&rel==="preload"&&["font","style"].indexOf(node.as)>=0;if(tag==="SCRIPT"||isCss||isPreload){node.onerror=onerror}}}var observer=new MutationObserver(onchange);observer.observe(document,{attributes:true,childList:true,subtree:true});return{getSessionId:getSessionId,getContextInfo:getContextInfo,observer:observer,onchange:onchange,onerror:onerror}})();</script><script data-testid="pulse-script" async="" nonce="FUM0e-bhCe9pB-0r" src="//i5.walmartimages.com/beacon/beacon.js?bd=beacon.walmart.com&amp;bh=beacon.lightest.walmart.com"></script><title>Produce for Healthy Living - Walmart.com</title><meta name="description" content="Shop for Produce for healthy living at Walmart.com. Buy nutritious fruits &amp; vegetables, breakfast, protein, salad, brown sugar. Save money. Live better."/><link rel="canonical" href="https://www.walmart.com/cp/produce-healthy-living/5306523"/><meta property="og:url" content="https://www.walmart.com/cp/produce-healthy-living/5306523"/><meta property="og:description" content="Shop for Produce for healthy living at Walmart.com. Buy nutritious fruits &amp; vegetables, breakfast, protein, salad, brown sugar. Save money. Live better."/><meta property="og:title" content="Produce for Healthy Living - Walmart.com"/><meta property="og:type" content="Website"/><meta property="og:site_name" content="Walmart.com"/><meta name="keywords" content=""/><meta name="robots" content="INDEX,FOLLOW"/><link fetchpriority="high" rel="preload" as="image" href="https://i5.walmartimages.com/dfw/4ff9c6c9-58e5/k2-_6e6a1f86-d10d-46fc-ba4e-d4e5ffd22414.v1.jpg"/><meta name="next-head-count" content="22"/><script nonce="FUM0e-bhCe9pB-0r">(()=>{
    const lang = document.documentElement.lang;
    Object.defineProperty(document.documentElement, "lang", {
        get () {
            return lang;
        },
        set () {}
    });
})()</script><link rel="preconnect" href="https://i5.walmartimages.com"/><link nonce="FUM0e-bhCe9pB-0r" rel="preload" href="https://i5.walmartimages.com/dfw/63fd9f59-397c/135dd224-4517-49f9-9614-fc46d13dee3a/v2/en-US/_next/static/css/0baf6e27c6f86085.css" as="style"/><link nonce="FUM0e-bhCe9pB-0r" rel="stylesheet" href="https://i5.walmartimages.com/dfw/63fd9f59-397c/135dd224-4517-49f9-9614-fc46d13dee3a/v2/en-US/_next/static/css/0baf6e27c6f86085.css" data-n-g=""/><noscript data-n-css="FUM0e-bhCe9pB-0r"></noscript><script defer="" nonce="FUM0e-bhCe9pB-0r" nomodule="" src="https://i5.walmartimages.com/dfw/63fd9f59-397c/135dd224-4517-49f9-9614-fc46d13dee3a/v2/en-US/_next/static/chunks/polyfills-c67a75d1b6f99dc8.js"></script><script defer="" src="https://i5.walmartimages.com/dfw/63fd9f59-397c/135dd224-4517-49f9-9614-fc46d13dee3a/v2/en-US/_next/static/chunks/ui_event-timer_queue-timer-88a1304866144f45.js" nonce="FUM0e-bhCe9pB-0r"></script><script defer="" src="https://i5.walmartimages.com/dfw/63fd9f59-397c/135dd224-4517-49f9-9614-fc46d13dee3a/v2/en-US/_next/static/chunks/ui_item-queue_banner_queue-banner-9ae0dd94c9ac343f.js" nonce="FUM0e-bhCe9pB-0r"></script><script defer="" src="https://i5.walmartimages.com/dfw/63fd9f59-397c/135dd224-4517-49f9-9614-fc46d13dee3a/v2/en-US/_next/static/chunks/ui_image_utils.6f2568602a50b82c.js" nonce="FUM0e-bhCe9pB-0r"></script><script defer="" src="https://i5.walmartimages.com/dfw/63fd9f59-397c/135dd224-4517-49f9-9614-fc46d13dee3a/v2/en-US/_next/static/chunks/ui_product-carousel_product-carousel-6e5dccf4df7b712d.js" nonce="FUM0e-bhCe9pB-0r"></script><script defer="" src="https://i5.walmartimages.com/dfw/63fd9f59-397c/135dd224-4517-49f9-9614-fc46d13dee3a/v2/en-US/_next/static/chunks/ui_product-carousel.e87fda9f65047f97.js" nonce="FUM0e-bhCe9pB-0r"></script><script defer="" src="https://i5.walmartimages.com/dfw/63fd9f59-397c/135dd224-4517-49f9-9614-fc46d13dee3a/v2/en-US/_next/static/chunks/tempo_pov-n-up.8aad218d734d2cfb.js" nonce="FUM0e-bhCe9pB-0r"></script><script defer="" src="https://i5.walmartimages.com/dfw/63fd9f59-397c/135dd224-4517-49f9-9614-fc46d13dee3a/v2/en-US/_next/static/chunks/item_data-hooks_item-data-hooks-0e44643e7a1ce7c1.js" nonce="FUM0e-bhCe9pB-0r"></script><script defer="" src="https://i5.walmartimages.com/dfw/63fd9f59-397c/135dd224-4517-49f9-9614-fc46d13dee3a/v2/en-US/_next/static/chunks/item_related-pages.2731049921786be9.js" nonce="FUM0e-bhCe9pB-0r"></script><script defer="" src="https://i5.walmartimages.com/dfw/63fd9f59-397c/135dd224-4517-49f9-9614-fc46d13dee3a/v2/en-US/_next/static/chunks/content-pages_category_CustomCopyBlock.102de005f2d7a186.js" nonce="FUM0e-bhCe9pB-0r"></script><script defer="" src="https://i5.walmartimages.com/dfw/63fd9f59-397c/135dd224-4517-49f9-9614-fc46d13dee3a/v2/en-US/_next/static/chunks/global-nav_footer_cookie-checker.3720c963656f92fe.js" nonce="FUM0e-bhCe9pB-0r"></script><script src="https://i5.walmartimages.com/dfw/63fd9f59-397c/135dd224-4517-49f9-9614-fc46d13dee3a/v2/en-US/_next/static/chunks/webpack-890d5eefb90b1c76.js" nonce="FUM0e-bhCe9pB-0r" defer=""></script><script src="https://i5.walmartimages.com/dfw/63fd9f59-397c/135dd224-4517-49f9-9614-fc46d13dee3a/v2/en-US/_next/static/chunks/framework-fbf51d978577c6fa.js" nonce="FUM0e-bhCe9pB-0r" defer=""></script><script src="https://i5.walmartimages.com/dfw/63fd9f59-397c/135dd224-4517-49f9-9614-fc46d13dee3a/v2/en-US/_next/static/chunks/main-703ef94972616b35.js" nonce="FUM0e-bhCe9pB-0r" defer=""></script><script src="https://i5.walmartimages.com/dfw/63fd9f59-397c/135dd224-4517-49f9-9614-fc46d13dee3a/v2/en-US/_next/static/chunks/pages/_app-ea65bb2f621d33d0.js" nonce="FUM0e-bhCe9pB-0r" defer=""></script><script src="https://i5.walmartimages.com/dfw/63fd9f59-397c/135dd224-4517-49f9-9614-fc46d13dee3a/v2/en-US/_next/static/chunks/node_modules_.pnpm_isomorphic-dompurify@0.13_node_modules_isomorphic-dompurify_browser-40a80efbab37a530.js" nonce="FUM0e-bhCe9pB-0r" defer=""></script><script src="https://i5.walmartimages.com/dfw/63fd9f59-397c/135dd224-4517-49f9-9614-fc46d13dee3a/v2/en-US/_next/static/chunks/node_modules_.pnpm_@walmart+use-safeframe@0.3.0_react@17.0_node_modules_@walmart_use-safeframe_lib_index-a3e0ffca9f9f4a5e.js" nonce="FUM0e-bhCe9pB-0r" defer=""></script><script src="https://i5.walmartimages.com/dfw/63fd9f59-397c/135dd224-4517-49f9-9614-fc46d13dee3a/v2/en-US/_next/static/chunks/ui_horizontal-scroller_locale_messages-5161e79aaf6c01dc.js" nonce="FUM0e-bhCe9pB-0r" defer=""></script><script src="https://i5.walmartimages.com/dfw/63fd9f59-397c/135dd224-4517-49f9-9614-fc46d13dee3a/v2/en-US/_next/static/chunks/ui_horizontal-scroller_horizontal-scroller-1b314ffa7f980104.js" nonce="FUM0e-bhCe9pB-0r" defer=""></script><script src="https://i5.walmartimages.com/dfw/63fd9f59-397c/135dd224-4517-49f9-9614-fc46d13dee3a/v2/en-US/_next/static/chunks/ui_product-tile_locale_messages-64142b8f90d6076b.js" nonce="FUM0e-bhCe9pB-0r" defer=""></script><script src="https://i5.walmartimages.com/dfw/63fd9f59-397c/135dd224-4517-49f9-9614-fc46d13dee3a/v2/en-US/_next/static/chunks/ui_quantity-stepper_quantity-stepper-d20fb81d27d0fdfb.js" nonce="FUM0e-bhCe9pB-0r" defer=""></script><script src="https://i5.walmartimages.com/dfw/63fd9f59-397c/135dd224-4517-49f9-9614-fc46d13dee3a/v2/en-US/_next/static/chunks/ads_types_ads-cloud-variables-a4d6a28bf5ffa1b6.js" nonce="FUM0e-bhCe9pB-0r" defer=""></script><script src="https://i5.walmartimages.com/dfw/63fd9f59-397c/135dd224-4517-49f9-9614-fc46d13dee3a/v2/en-US/_next/static/chunks/item_data-access_utils_analytics-8e281e1669711381.js" nonce="FUM0e-bhCe9pB-0r" defer=""></script><script src="https://i5.walmartimages.com/dfw/63fd9f59-397c/135dd224-4517-49f9-9614-fc46d13dee3a/v2/en-US/_next/static/chunks/cart_add-to-cart_add-to-cart-49480c70f866b430.js" nonce="FUM0e-bhCe9pB-0r" defer=""></script><script src="https://i5.walmartimages.com/dfw/63fd9f59-397c/135dd224-4517-49f9-9614-fc46d13dee3a/v2/en-US/_next/static/chunks/ui_product-tile_hooks_use-on-product-a02e0e7beee8f576.js" nonce="FUM0e-bhCe9pB-0r" defer=""></script><script src="https://i5.walmartimages.com/dfw/63fd9f59-397c/135dd224-4517-49f9-9614-fc46d13dee3a/v2/en-US/_next/static/chunks/ui_product-tile_vertical_product-reward-89f1de95ca1a2811.js" nonce="FUM0e-bhCe9pB-0r" defer=""></script><script src="https://i5.walmartimages.com/dfw/63fd9f59-397c/135dd224-4517-49f9-9614-fc46d13dee3a/v2/en-US/_next/static/chunks/ads_generic-utils_get-moat-id-32f6134948aef5c7.js" nonce="FUM0e-bhCe9pB-0r" defer=""></script><script src="https://i5.walmartimages.com/dfw/63fd9f59-397c/135dd224-4517-49f9-9614-fc46d13dee3a/v2/en-US/_next/static/chunks/ui_product-tile_vertical-5f557ebf5285c654.js" nonce="FUM0e-bhCe9pB-0r" defer=""></script><script src="https://i5.walmartimages.com/dfw/63fd9f59-397c/135dd224-4517-49f9-9614-fc46d13dee3a/v2/en-US/_next/static/chunks/ui_product-tile_vertical_product-image-eb5f69c2d3bc77c3.js" nonce="FUM0e-bhCe9pB-0r" defer=""></script><script src="https://i5.walmartimages.com/dfw/63fd9f59-397c/135dd224-4517-49f9-9614-fc46d13dee3a/v2/en-US/_next/static/chunks/wallet_data-access_locale_messages-0ad8954f5303218c.js" nonce="FUM0e-bhCe9pB-0r" defer=""></script><script src="https://i5.walmartimages.com/dfw/63fd9f59-397c/135dd224-4517-49f9-9614-fc46d13dee3a/v2/en-US/_next/static/chunks/wallet_data-access_hooks_use-fetch-interceptor-fabea2cd60fadc1a.js" nonce="FUM0e-bhCe9pB-0r" defer=""></script><script src="https://i5.walmartimages.com/dfw/63fd9f59-397c/135dd224-4517-49f9-9614-fc46d13dee3a/v2/en-US/_next/static/chunks/wplus_pause-membership-page_pause-membership-context-5b6e48165863b815.js" nonce="FUM0e-bhCe9pB-0r" defer=""></script><script src="https://i5.walmartimages.com/dfw/63fd9f59-397c/135dd224-4517-49f9-9614-fc46d13dee3a/v2/en-US/_next/static/chunks/ui_pagination_pagination-777a2f72195c5a7e.js" nonce="FUM0e-bhCe9pB-0r" defer=""></script><script src="https://i5.walmartimages.com/dfw/63fd9f59-397c/135dd224-4517-49f9-9614-fc46d13dee3a/v2/en-US/_next/static/chunks/ads_provider_ads-context-provider-edcbf49d491409b7.js" nonce="FUM0e-bhCe9pB-0r" defer=""></script><script src="https://i5.walmartimages.com/dfw/63fd9f59-397c/135dd224-4517-49f9-9614-fc46d13dee3a/v2/en-US/_next/static/chunks/repurchase_data-access_repurchase-cloud-variables-fbcb57648f7aa0c3.js" nonce="FUM0e-bhCe9pB-0r" defer=""></script><script src="https://i5.walmartimages.com/dfw/63fd9f59-397c/135dd224-4517-49f9-9614-fc46d13dee3a/v2/en-US/_next/static/chunks/brand-pages_brand_product-tile-collection-83f9ceab27e40c2a.js" nonce="FUM0e-bhCe9pB-0r" defer=""></script><script src="https://i5.walmartimages.com/dfw/63fd9f59-397c/135dd224-4517-49f9-9614-fc46d13dee3a/v2/en-US/_next/static/chunks/digital-finance_one-debit-card_components_one-debit-card-modal-744573f7563383ac.js" nonce="FUM0e-bhCe9pB-0r" defer=""></script><script src="https://i5.walmartimages.com/dfw/63fd9f59-397c/135dd224-4517-49f9-9614-fc46d13dee3a/v2/en-US/_next/static/chunks/pages/content/%5B...categoryParams%5D-a17d023ccef910fb.js" nonce="FUM0e-bhCe9pB-0r" defer=""></script><script src="https://i5.walmartimages.com/dfw/63fd9f59-397c/135dd224-4517-49f9-9614-fc46d13dee3a/v2/en-US/_next/static/production_20231113T233804906Z-en-US/_buildManifest.js" nonce="FUM0e-bhCe9pB-0r" defer=""></script><script src="https://i5.walmartimages.com/dfw/63fd9f59-397c/135dd224-4517-49f9-9614-fc46d13dee3a/v2/en-US/_next/static/production_20231113T233804906Z-en-US/_ssgManifest.js" nonce="FUM0e-bhCe9pB-0r" defer=""></script><script nonce="FUM0e-bhCe9pB-0r">var TBRewriteHostAltWeight = 10.000000;</script><script async="async" defer="defer" src="//i5.walmartimages.com/a14/capabilities.min.js" nonce="FUM0e-bhCe9pB-0r"></script></head><body><div id="__next" data-reactroot=""><div><div data-testid="layout-container" class="flex flex-column min-vh-100 shadow-2" style="transform:none;transition:transform .2s"><span data-pcss-show="true" data-testid="global-header" class="sticky bg-secondary w-100 top-0 z-1" style="transition:top 0.65s"><a link-identifier="Generic Name" class="o-0 absolute" tabindex="-1"></a><a link-identifier="Generic Name" class="slider skip-main bg-white-90" href="#maincontent">Skip to Main Content</a><header class="flex items-center justify-center pa3 center-hdkp ph3-hdkp nav-clickable-padded" data-testid="responsiveHeader" style="transition:top 0.65s"><div class="flex items-center justify-center dn-hdkp" style="transition:opacity .3s"><a link-identifier="hamburgerMenu" class="flex items-center b--none bg-transparent mr3 pa0 pointer h3 w3 no-underline white" aria-hidden="false" aria-label="All Departments Menu" href="/all-departments"><i class="ld ld-Menu" style="font-size:1.5rem;vertical-align:-0.25em;width:24px;height:24px;box-sizing:content-box" aria-hidden="true"></i></a><a link-identifier="walmartLogoMobile" class="gold h3 w3 dn-hdkp" aria-hidden="false" aria-label="Walmart Homepage" data-automation-id="header-link-walmartLogo" href="/"><i class="ld ld-Spark" style="font-size:2rem;vertical-align:-0.325em;width:2rem;height:2rem;box-sizing:content-box" aria-hidden="true"></i></a></div><a link-identifier="walmartLogoDesktop" class="dn db-hdkp flex-none pa3 hover-bg-dark-primary pt2" style="border-radius:100px;transition:all 100ms cubic-bezier(0.77, 0, 0.175, 1);height:48px" aria-label="Walmart Homepage" href="/"><img loading="lazy" alt="Walmart" class="db" height="32" src="//i5.walmartimages.com/dfw/63fd9f59-b3e1/7a569e53-f29a-4c3d-bfaf-6f7a158bfadd/v1/walmartLogo.svg" data-automation-id="header-walmartLogo" width="130"/></a><section class="dn db-hdkp"><div class="relative"><button type="button" class="flex items-center no-underline desktop-header-trigger lh-title b ph3 white pointer sans-serif bg-transparent ba b--transparent" style="border-radius:100px;height:48px;transition:all 100ms cubic-bezier(0.77, 0, 0.175, 1)" aria-haspopup="true" aria-expanded="false"><i class="ld ld-Grid pr2" style="font-size:1rem;vertical-align:-0.175em;width:1rem;height:1rem;box-sizing:content-box" aria-hidden="true"></i>Departments</button><div class="absolute bg-white br3 br--bottom left-0 lh-copy mt3 overflow-hidden shadow-1 dn" data-testid="departments-flyout" style="margin-top:20px;left:50%;transform:none;margin-left:-135px;max-height:0"><div></div></div></div></section><section class="dn db-hdkp"><div class="relative"><button type="button" class="flex items-center no-underline desktop-header-trigger lh-title b ph3 white pointer sans-serif bg-transparent ba b--transparent" style="border-radius:100px;height:48px;transition:all 100ms cubic-bezier(0.77, 0, 0.175, 1)" aria-haspopup="true" aria-expanded="false"><i class="ld ld-Services pr2" style="font-size:1rem;vertical-align:-0.175em;width:1rem;height:1rem;box-sizing:content-box" aria-hidden="true"></i>Services</button><div class="absolute bg-white br3 br--bottom left-0 lh-copy mt3 overflow-hidden shadow-1 dn" data-testid="services-flyout" style="margin-top:20px;left:50%;transform:none;margin-left:-135px;max-height:0"><div></div></div></div></section><form action="/search" autocomplete="off" aria-label="Walmart Site-Wide" role="search" class="flex flex-auto items-center justify-center pl3 justify-start-hdkp pa0-hdkp ml3-hdkp static" data-testid="search-form"><div class="flex flex-auto items-center relative"><input type="search" aria-label="Search" aria-activedescendant="" class="flex-auto lh-solid sans-serif search-bar br-pill f5 b--none" name="q" placeholder="Search Walmart" style="padding-left:1.5rem;padding-right:2.5rem" aria-autocomplete="list" aria-haspopup="listbox" autocomplete="off" value="" data-automation-id="header-input-search"/><button aria-label="Clear search field text" class="absolute bn bg-transparent h-100 right-2" style="padding:0 0.75rem;cursor:pointer;opacity:0" type="reset" tabindex="-1" aria-hidden="true"><i class="ld ld-Close" style="font-size:1rem;vertical-align:-0.175em;width:1rem;height:1rem;box-sizing:content-box"></i></button><button aria-label="Search icon" class="absolute bn br-100 search-icon" style="cursor:pointer"><i class="ld ld-Search absolute" style="font-size:1rem;vertical-align:-0.175em;top:50%;left:50%;transform:translate(-50%, -50%);width:1rem;height:1rem;box-sizing:content-box" data-automation-id="search-icon" aria-hidden="true"></i></button></div><button aria-hidden="true" aria-label="Cancel" class="bn bg-transparent mh1 ph2 pv2 pointer sans-serif underline z-1 dn-hdkp clip o-0 white" style="transition:opacity .3s" tabindex="-1" type="button">Cancel</button></form><nav aria-label="My Items, Account and Cart"><ul class="flex ma0 pa0 list"><li class="dn db-hdkp ml3 relative"><a link-identifier="Reorder my items" class="flex items-center no-underline desktop-header-trigger lh-title lh-solid ph3 white" style="border-radius:100px;height:48px;transition:all 100ms cubic-bezier(0.77, 0, 0.175, 1)" aria-haspopup="true" aria-expanded="false" role="button" href="/my-items"><i class="ld ld-Heart pr2" style="font-size:1rem;vertical-align:-0.175em;width:16px;height:1rem;box-sizing:content-box" aria-hidden="true"></i><div class="nowrap"><div class="f7 lh-title">Reorder</div><div class="b">My Items</div></div></a><div class="absolute bg-white br3 br--bottom left-0 lh-copy mt3 overflow-hidden shadow-1 dn" data-testid="my-items-flyout" style="margin-top:20px;left:50%;transform:translateX(-50%)"><div class="ph4 pt4 pb2" data-automation-id="walmart-myitems"><a link-identifier="Reorder" class="dark-gray db f6 no-underline nowrap desktop-header-flyout-link mb3" data-automation-id="walmart-reorder" href="/my-items"><i class="ld ld-Reorder mr2" style="font-size:1rem;vertical-align:-0.175em;width:1rem;height:1rem;box-sizing:content-box"></i>Reorder</a><a link-identifier="Lists" class="dark-gray db f6 no-underline nowrap desktop-header-flyout-link mb3" data-automation-id="walmart-list" href="/lists"><i class="ld ld-Heart mr2" style="font-size:1rem;vertical-align:-0.175em;width:1rem;height:1rem;box-sizing:content-box"></i>Lists</a><a link-identifier="Registries" class="dark-gray db f6 no-underline nowrap desktop-header-flyout-link mb3" href="/my-registries"><i class="ld ld-Gift mr2" style="font-size:1rem;vertical-align:-0.175em;width:1rem;height:1rem;box-sizing:content-box"></i>Registries</a></div></div></li><li class="dn db-hdkp relative"><a link-identifier="Account" class="flex items-center no-underline desktop-header-trigger lh-title lh-solid ph3 white" style="border-radius:100px;height:48px;transition:all 100ms cubic-bezier(0.77, 0, 0.175, 1)" aria-haspopup="true" aria-expanded="false" role="button" href="/account/login?vid=oaoh"><i class="ld ld-User" style="font-size:16px;vertical-align:-0.175em;margin-left:;width:16px;height:16px;box-sizing:content-box" aria-hidden="true"></i><div class="ml2 nowrap" data-automation-id="headerSignIn"><div class="mw3 mw4-hdkp truncate lh-title f7">Sign In</div><div class="b">Account</div></div></a><div class="absolute bg-white br3 br--bottom left-0 lh-copy mt3 overflow-hidden shadow-1 dn" data-testid="account-flyout" style="margin-top:20px;left:50%;transform:translateX(-50%)"><div class="pa4"><button class="w_hhLG w_8nsR w_0_LY db mb3 w-100" type="button" data-testid="sign-in">Sign In</button><button class="w_hhLG w_XK4d w_0_LY db mb3 w-100" type="button" data-automation-id="header-create-account">Create an account</button><div class="mb3"><hr aria-hidden="true" class="w_8Gn9"/></div><a link-identifier="Purchase History" class="dark-gray db f6 no-underline nowrap desktop-header-flyout-link" data-automation-id="headerPurchaseHistory" href="/orders"><i class="ld ld-Receipt mr2" style="font-size:1rem;vertical-align:-0.175em;width:1rem;height:1rem;box-sizing:content-box"></i>Purchase History</a><a link-identifier="Walmart Plus" class="dark-gray db f6 no-underline nowrap desktop-header-flyout-link mt3" href="/plus"><img loading="lazy" class="mr2 f5" src="//i5.walmartimages.com/dfw/63fd9f59-ac39/29c6759d-7f14-49fa-bd3a-b870eb4fb8fb/v1/wplus-icon-blue.svg" alt="Walmart+" height="16" width="16" style="vertical-align:-0.175em"/>Walmart+</a></div></div></li><li aria-hidden="false" class="undefined" style="transition:opacity .3s"><div class="relative"><div class="cart-button ml2 flex justify-center db-hdkp justify-start-hdkp h-auto-hdkp mr4-hdkp flex-column"><button type="button" class="bn bg-transparent br2 flex flex-column items-center pa0 pointer relative sans-serif pa3 justify-center white hover-bg-dark-primary" style="border-radius:100px;transition:all 100ms cubic-bezier(0.77, 0, 0.175, 1);height:48px" id="cart-button-header" data-automation-id="cart-button-header" aria-label="Cart contains 0 items Total Amount $0.00"><i class="ld ld-Cart mr1 white" style="font-size:1.5rem;vertical-align:-0.25em;width:24px;height:24px;box-sizing:content-box"></i><span class="db nowrap" style="font-size:.625rem;visibility:hidden;height:10px;vertical-align:-0.25em;width:30px">$0.00</span></button></div></div></li></ul></nav></header></span><div class="flex flex-column flex-auto relative z-0" aria-hidden="false"><div data-pcss-show="true" class="bg-blue white sticky z-3 gic-wrapper gic-wrapper-top" id="gic-wrapper" data-testid="gic-wrapper" style="min-height:41px;transition:top 0.65s"><hr aria-hidden="true" class="w_8Gn9 banner-divider"/><div data-pcss-hide="true" class="items-center flex flex-auto ph3 ph4-m pv1"><div class="flex items-center h3"><img loading="lazy" alt="Banner title icon" src="https://i5.walmartimages.com/dfwrs/76316474-3850/k2-_c6d4aec7-b4a7-4ea4-9223-07c8daef4fcf.v1.png" width="26" height="26" class="mr2 br-100 v-btm"/><span class="b f6">How do you want your items?</span></div></div></div><div class="flex-auto relative z-1" data-testid="main-content-container"><div class="main-content mw1280 center" id="maincontent" data-testid="maincontent"><div><main class="ph3-l ph4-xl pb4" id="maincontent"><span class="w_iUH7"><h1>Produce for Healthy Living</h1></span><div data-testid="flex-container" class="flex undefined flex-column h-100"><div class="h-100 relative"><div data-testid="flex-container" class="flex undefined flex-column h-100"><div class="h-100 relative"><div class="ma3"><section><div data-testid="skinny-banner"><div class="w-100"><div class="flex flex-column items-center justify-center w-100 br3 overflow-hidden pv4 relative" style="height:172px"><img loading="eager" aria-hidden="true" alt="DIY healthy meals and snacks. Get the fresh ingredients you need to eat well. Shop now." height="172px" src="https://i5.walmartimages.com/dfw/4ff9c6c9-58e5/k2-_6e6a1f86-d10d-46fc-ba4e-d4e5ffd22414.v1.jpg" style="object-fit:contain" width="auto"/><div style="max-width:752px" class="flex flex-column items-center justify-center ph3 absolute"><div class="flex items-center"><span class="flex justify-center"><div class="flex"><div aria-label="Fresh produce, fresh ideas"><span class="b f1-ns f2-m mb2 f-subheadline-l" style="color:#000000" aria-hidden="true">Fresh produce, fresh ideas</span></div></div></span></div><span class="tc f6 f4-m pb2-m" style="color:#000000;max-width:540px" aria-hidden="false">Ingredients for healthy living.</span><span class="flex justify-center justify-start-m pt2"></span></div></div></div></div></section></div> <div class="mv3" role="region"><h2 class="mv4 f4">Healthier just got easier</h2><div class="flex justify-between items-center flex-row"><section class="w-50"><a link-identifier="Generic Name" class="h-100 w-100" aria-label="Shop all, null" id="anchor=self-id" href="https://www.walmart.com/browse/food/fresh-pre-cut-vegetables/976759_976793_8910423_2835097"><img loading="lazy" srcset="https://i5.walmartimages.com/dfw/4ff9c6c9-6fd6/k2-_35167078-0cda-4ac1-93ca-9e952e51fabe.v1.jpg?odnHeight=470&amp;odnWidth=838&amp;odnBg=FFFFFF 1x, https://i5.walmartimages.com/dfw/4ff9c6c9-6fd6/k2-_35167078-0cda-4ac1-93ca-9e952e51fabe.v1.jpg?odnHeight=940&amp;odnWidth=1676&amp;odnBg=FFFFFF 2x" class="h-100 w-100" alt="Healthier got easier" src="https://i5.walmartimages.com/dfw/4ff9c6c9-6fd6/k2-_35167078-0cda-4ac1-93ca-9e952e51fabe.v1.jpg?odnHeight=470&amp;odnWidth=838&amp;odnBg=FFFFFF" height="470" width="838" aria-label="Shop all"/></a><div class="flex justify-between items-start items-center-m mt3-m"><a link-identifier="Generic Name" class="flex-end f6 black tr w-100" aria-label="Shop all, null" href="https://www.walmart.com/browse/food/fresh-pre-cut-vegetables/976759_976793_8910423_2835097">Shop all</a></div></section><section class="w-50"><div class="center ml3 ml0-l ph3-m"><section><section><div class="flex flex-column justify-center relative" data-testid="horizontal-scroller-One and two sku"><a link-identifier="horizontalScrollerPrevious" class="absolute dn z-5 bg-white br-100 pa0 pointer hidden-child br-100 nav-control left-1" aria-label="Previous slide for One and two sku list" data-testid="horizontal-scroller-previous" role="button"><i class="ld ld-ChevronLeft" style="font-size:1.5rem;vertical-align:-0.25em;padding:12px;width:1.5rem;height:1.5rem;box-sizing:content-box"></i></a><ul style="display:grid;grid-auto-flow:column;scroll-snap-type:x mandatory;max-height:fit-content" class="list ma0 pl0 overflow-x-scroll hidesb hidesb-wk relative overflow-y-hidden carousel-peek-2 carousel-2 mh6" data-testid="carousel-container"><li class="flex flex-column items-center pa1 pr2 pb2 center-m w-70" data-slide="0"></li><li class="flex flex-column items-center pa1 pr2 pb2 center-m w-70" data-slide="1"></li><li class="flex flex-column items-center pa1 pr2 pb2 center-m w-70" data-slide="2"></li><li class="flex flex-column items-center pa1 pr2 pb2 center-m w-70" data-slide="3"></li><li class="flex flex-column items-center pa1 pr2 pb2 center-m w-70" data-slide="4"></li><li class="flex flex-column items-center pa1 pr2 pb2 center-m w-70" data-slide="5"></li><li class="flex flex-column items-center pa1 pr2 pb2 center-m w-70" data-slide="6"></li><li class="flex flex-column items-center pa1 pr2 pb2 center-m w-70" data-slide="7"></li><li class="flex flex-column items-center pa1 pr2 pb2 center-m w-70" data-slide="8"></li><li class="flex flex-column items-center pa1 pr2 pb2 center-m w-70" data-slide="9"></li><li class="flex flex-column items-center pa1 pr2 pb2 center-m w-70" data-slide="10"></li><li class="flex flex-column items-center pa1 pr2 pb2 center-m w-70" data-slide="11"></li><li class="flex flex-column items-center pa1 pr2 pb2 center-m w-70" data-slide="12"></li><li class="flex flex-column items-center pa1 pr2 pb2 center-m w-70" data-slide="13"></li><li class="flex flex-column items-center pa1 pr2 pb2 center-m w-70" data-slide="14"></li><li class="flex flex-column items-center pa1 pr2 pb2 center-m w-70" data-slide="15"></li><li class="flex flex-column items-center pa1 pr2 pb2 center-m w-70" data-slide="16"></li><li class="flex flex-column items-center pa1 pr2 pb2 center-m w-70" data-slide="17"></li></ul><a link-identifier="horizontalScrollerNext" class="absolute dn z-5 bg-white br-100 pa0 pointer db-l br-100 nav-control right-1" aria-label="Next slide for One and two sku list" data-testid="horizontal-scroller-next" role="button"><i class="ld ld-ChevronRight" style="font-size:1.5rem;vertical-align:-0.25em;padding:12px;width:1.5rem;height:1.5rem;box-sizing:content-box"></i></a></div></section></section></div></section></div></div> <div class="pv3 ph3 ph0-m bb b--near-white"><section><div class="flex flex-column justify-center relative" data-testid="horizontal-scroller-navPills"><a link-identifier="horizontalScrollerPrevious" class="absolute dn z-5 bg-white br-100 pa0 pointer br-100 nav-control left-1" aria-label="Previous slide for navPills list" data-testid="horizontal-scroller-previous" role="button"><i class="ld ld-ChevronLeft" style="font-size:1.5rem;vertical-align:-0.25em;padding:12px;width:1.5rem;height:1.5rem;box-sizing:content-box"></i></a><ul style="display:flex;grid-auto-flow:column;scroll-snap-type:x mandatory;max-height:fit-content" class="list ma0 pl0 overflow-x-scroll hidesb hidesb-wk relative overflow-y-hidden " data-testid="carousel-container"><li class="flex flex-column items-center" data-slide="0"><button class="w_Z4xM w_XOt8 mr2" type="button" role="link" aria-label="Plant-based proteins">Plant-based proteins</button></li><li class="flex flex-column items-center" data-slide="1"><button class="w_Z4xM w_XOt8 mr2" type="button" role="link" aria-label="Organic produce">Organic produce</button></li><li class="flex flex-column items-center" data-slide="2"><button class="w_Z4xM w_XOt8 mr2" type="button" role="link" aria-label="Salad kits &amp; bowls">Salad kits &amp; bowls</button></li><li class="flex flex-column items-center" data-slide="3"><button class="w_Z4xM w_XOt8 mr2" type="button" role="link" aria-label="Lettuce">Lettuce</button></li><li class="flex flex-column items-center" data-slide="4"><button class="w_Z4xM w_XOt8 mr2" type="button" role="link" aria-label="Fresh dressings">Fresh dressings</button></li><li class="flex flex-column items-center" data-slide="5"><button class="w_Z4xM w_XOt8 mr2" type="button" role="link" aria-label="Game-time produce">Game-time produce</button></li><li class="flex flex-column items-center" data-slide="6"><button class="w_Z4xM w_XOt8 mr2" type="button" role="link" aria-label="Fresh fruits">Fresh fruits</button></li><li class="flex flex-column items-center" data-slide="7"><button class="w_Z4xM w_XOt8 mr2" type="button" role="link" aria-label="Fresh vegetables">Fresh vegetables</button></li><li class="flex flex-column items-center" data-slide="8"><button class="w_Z4xM w_XOt8 mr2" type="button" role="link" aria-label="Pre-cut fruit">Pre-cut fruit</button></li><li class="flex flex-column items-center" data-slide="9"><button class="w_Z4xM w_XOt8 mr2" type="button" role="link" aria-label="Pre-cut vegetables">Pre-cut vegetables</button></li><li class="flex flex-column items-center" data-slide="10"><button class="w_Z4xM w_XOt8 mr2" type="button" role="link" aria-label="Salsa &amp; dips">Salsa &amp; dips</button></li><li class="flex flex-column items-center" data-slide="11"><button class="w_Z4xM w_XOt8 mr2" type="button" role="link" aria-label="Fresh herbs">Fresh herbs</button></li><li class="flex flex-column items-center" data-slide="12"><button class="w_Z4xM w_XOt8 mr2" type="button" role="link" aria-label="Meal prep containers">Meal prep containers</button></li><li class="flex flex-column items-center" data-slide="13"><button class="w_Z4xM w_XOt8 mr2" type="button" role="link" aria-label="Fresh Produce">Shop all fresh produce</button></li></ul><a link-identifier="horizontalScrollerNext" class="absolute dn z-5 bg-white br-100 pa0 pointer db-l br-100 nav-control right-1 db" aria-label="Next slide for navPills list" data-testid="horizontal-scroller-next" role="button"><i class="ld ld-ChevronRight" style="font-size:1.5rem;vertical-align:-0.25em;padding:12px;width:1.5rem;height:1.5rem;box-sizing:content-box"></i></a></div><div class="dn"><a link-identifier="Generic Name" href="https://www.walmart.com/browse/food/plant-based-protein-tofu/976759_976793_6919650">Plant-based proteins</a><a link-identifier="Generic Name" href="https://www.walmart.com/browse/food/organic-produce/976759_976793_1913529">Organic produce</a><a link-identifier="Generic Name" href="https://www.walmart.com/browse/food/salad-kits-bowls/976759_976793_9538337_6180034">Salad kits &amp; bowls</a><a link-identifier="Generic Name" href="https://www.walmart.com/browse/food/lettuce-whole-greens/976759_976793_8910423_1740611">Lettuce</a><a link-identifier="Generic Name" href="https://www.walmart.com/browse/food/fresh-dressings/976759_976793_9538337_5920602">Fresh dressings</a><a link-identifier="Generic Name" href="https://www.walmart.com/browse/food/game-time-produce/976759_976793_7083253">Game-time produce</a><a link-identifier="Generic Name" href="https://www.walmart.com/browse/food/fresh-fruits/976759_976793_9756351">Fresh fruits</a><a link-identifier="Generic Name" href="https://www.walmart.com/browse/food/fresh-vegetables/976759_976793_8910423">Fresh vegetables</a><a link-identifier="Generic Name" href="https://www.walmart.com/browse/food/fresh-pre-cut-fruits/976759_976793_8402496_9043545">Pre-cut fruit</a><a link-identifier="Generic Name" href="https://www.walmart.com/browse/food/fresh-pre-cut-vegetables/976759_976793_8910423_2835097">Pre-cut vegetables</a><a link-identifier="Generic Name" href="https://www.walmart.com/browse/food/salsa-dips/976759_976793_9538337_9157112">Salsa &amp; dips</a><a link-identifier="Generic Name" href="https://www.walmart.com/browse/food/fresh-herbs/976759_976793_3513831">Fresh herbs</a><a link-identifier="Generic Name" href="https://www.walmart.com/browse/home/meal-prep-containers/4044_623679_1032619_5842891_8561628?povid=Home_D74__XSELL_Storage_MealPrep_CP_ProduceHealthyLiving">Meal prep containers</a><a link-identifier="Generic Name" href="https://www.walmart.com/cp/fresh-produce/976793">Shop all fresh produce</a></div></section></div> <section class="mv3 mv4-xl ml3 mr3-m mh0-l bb b--near-white bn-l"><div class="flex justify-between sans-serif mb3 items-baseline"><h2 class="f4 f3-m truncate ma0">Healthy breakfast</h2></div><div class="w_KPWk w_GxNv" role="list"><div class="w_aoqv w_wRee w_b0y1 w_1ZCx" role="listitem"><article class="sans-serif shadow-1 br3 w-100 bg-white"><a link-identifier="ea6eb076-446d-402c-a878-c3eb3457535f" class="no-underline" href="/browse/fresh-produce/fresh-fruits/976759_976793_9756351"><img loading="lazy" srcset="https://i5.walmartimages.com/dfw/4ff9c6c9-c94f/k2-_b249b052-5691-4260-a4d7-0255f8f0d03e.v1.jpg?odnHeight=340&amp;odnWidth=604&amp;odnBg=FFFFFF 1x,
        https://i5.walmartimages.com/dfw/4ff9c6c9-c94f/k2-_b249b052-5691-4260-a4d7-0255f8f0d03e.v1.jpg?odnHeight=680&amp;odnWidth=1208&amp;odnBg=FFFFFF 2x" src="https://i5.walmartimages.com/dfw/4ff9c6c9-c94f/k2-_b249b052-5691-4260-a4d7-0255f8f0d03e.v1.jpg?odnHeight=340&amp;odnWidth=604&amp;odnBg=FFFFFF" alt="" class="w-100 br3 br--top db h-auto" width="604" height="340"/><div class="pa3 pb0"><h3 class="f4 ma0 mb1 mb2-xl dark-gray lh-title truncate">Delicious bowls</h3><p class="f6 ma0 mid-gray lh-copy" style="height:2.5rem;overflow:hidden;text-overflow:ellipsis" title="Create your own with fresh fruits.">Create your own with fresh fruits.</p></div><span class="pv1 dib b mv3 ml3 ph3 f6 ba br4 b--black black bg-white hover-white hover-bg-black outline-0 no-underline">Shop now</span></a></article></div><div class="w_aoqv w_wRee w_b0y1 w_1ZCx" role="listitem"><article class="sans-serif shadow-1 br3 w-100 bg-white"><a link-identifier="aeaf6bf2-ec19-428d-b6b3-e4d9d3634136" class="no-underline" href="/browse/juicing-fruits-&amp;-vegetables/0/0?_refineresult=true&amp;_be_shelf_id=6144663&amp;search_sort=100&amp;facet=shelf_id:6144663"><img loading="lazy" srcset="https://i5.walmartimages.com/dfw/4ff9c6c9-1779/k2-_db1275f0-dd2c-44ab-accf-4da6643a92c7.v1.jpg?odnHeight=340&amp;odnWidth=604&amp;odnBg=FFFFFF 1x,
        https://i5.walmartimages.com/dfw/4ff9c6c9-1779/k2-_db1275f0-dd2c-44ab-accf-4da6643a92c7.v1.jpg?odnHeight=680&amp;odnWidth=1208&amp;odnBg=FFFFFF 2x" src="https://i5.walmartimages.com/dfw/4ff9c6c9-1779/k2-_db1275f0-dd2c-44ab-accf-4da6643a92c7.v1.jpg?odnHeight=340&amp;odnWidth=604&amp;odnBg=FFFFFF" alt="" class="w-100 br3 br--top db h-auto" width="604" height="340"/><div class="pa3 pb0"><h3 class="f4 ma0 mb1 mb2-xl dark-gray lh-title truncate">Smoothie goodness</h3><p class="f6 ma0 mid-gray lh-copy" style="height:2.5rem;overflow:hidden;text-overflow:ellipsis" title="Fresh fruits and vegetables that makes refreshing drinks.">Fresh fruits and vegetables that makes refreshing drinks.</p></div><span class="pv1 dib b mv3 ml3 ph3 f6 ba br4 b--black black bg-white hover-white hover-bg-black outline-0 no-underline">Shop now</span></a></article></div></div></section> <div class="mv3 mv4-xl ml3 ml0-l bb b--near-white"><section><section><header class="flex justify-between mb3 mb2-m pr3 pr4-m pr0-xl items-baseline"><section style="flex:1"><div><div><div class="inline-flex "><h2 class="f4 f3-m lh-title ma0 ">Easy snacking</h2></div></div></div></section></header><div class="flex flex-column justify-center relative" data-testid="horizontal-scroller-Product Carousel"><a link-identifier="horizontalScrollerPrevious" class="absolute dn z-5 bg-white br-100 pa0 pointer hidden-child br-100 nav-control left-1" aria-label="Previous slide for Product Carousel list" data-testid="horizontal-scroller-previous" role="button"><i class="ld ld-ChevronLeft" style="font-size:1.5rem;vertical-align:-0.25em;padding:12px;width:1.5rem;height:1.5rem;box-sizing:content-box"></i></a><ul style="display:grid;grid-auto-flow:column;scroll-snap-type:x mandatory;max-height:fit-content" class="list ma0 pl0 overflow-x-scroll hidesb hidesb-wk relative overflow-y-hidden carousel-peek-2 carousel-6-l carousel-3-m pr3-m" data-testid="carousel-container"><li class="flex flex-column items-center pa1 pr2 pb2" data-slide="0"><div role="group" data-item-id="45980580" class="sans-serif mid-gray relative flex flex-column w-100 h-100 hide-child-opacity" data-testid="product-tile-0" aria-label="Product"><a link-identifier="45980580" class="absolute w-100 h-100 z-1 hide-sibling-opacity" target="" href="/ip/FRESH-CRAVINGS-Restaurant-Style-Mild-Salsa-16-oz/45980580?athcpid=45980580&amp;athpgid=AthenaContentPage_5306523&amp;athcgid=null&amp;athznid=ItemCarousel_d5119a91-5cfc-4da8-b991-f13f9adf1aa9_items&amp;athieid=v0&amp;athstid=CS020&amp;athguid=RlEjjy3vFDoOKlTIw3pddki_Ijj7yfueE6BV&amp;athancid=null&amp;athena=true&amp;athbdg=L1600"><span class="w_iUH7"><h3>FRESH CRAVINGS Restaurant Style Mild Salsa, 16 oz</h3></span></a><div class="h2 relative mv2"><span class="w_VbBP w_mFV6 w_awtt w_3oNC w_3H8O tag-leading-badge absolute">Best seller</span></div><div class="relative"><div class="relative overflow-hidden" style="max-width:226px;height:0;padding-bottom:min(226px, 100%);align-self:center;width:min(226px, 100%)"><img loading="lazy" srcset="https://i5.walmartimages.com/asr/1160cca0-f13b-4a7b-be0a-950259f7c832.e86d45d1ff4063d2e6d2091f530740ef.png?odnHeight=226&amp;odnWidth=226&amp;odnBg=FFFFFF 1x, https://i5.walmartimages.com/asr/1160cca0-f13b-4a7b-be0a-950259f7c832.e86d45d1ff4063d2e6d2091f530740ef.png?odnHeight=576&amp;odnWidth=576&amp;odnBg=FFFFFF 2x" src="https://i5.walmartimages.com/asr/1160cca0-f13b-4a7b-be0a-950259f7c832.e86d45d1ff4063d2e6d2091f530740ef.png?odnHeight=576&amp;odnWidth=576&amp;odnBg=FFFFFF" width="" height="" class="absolute top-0 left-0" data-testid="productTileImage" alt="FRESH CRAVINGS Restaurant Style Mild Salsa, 16 oz"/></div><div class="z-2 absolute bottom--1"><div class="relative dib" data-id="45980580"><button class="w_hhLG w_8nsR w_jDfj pointer bn sans-serif b ph2 flex items-center justify-center w-auto shadow-1" type="button" data-pcss-hide="true" data-automation-id="add-to-cart" aria-label="Add to cart - FRESH CRAVINGS Restaurant Style Mild Salsa, 16 oz"><i class="ld ld-Plus" style="font-size:1.5rem;vertical-align:-0.25em;width:1.5rem;height:1.5rem;box-sizing:content-box" title="add to cart"></i><span class="mr2">Add</span></button></div></div></div><div class="mt5 mb0" style="height:24px" data-testid="variant-45980580"></div><div data-automation-id="product-price" class="flex flex-wrap justify-start items-center lh-title mb1-m"><div class="mr1 mr2-xl b black lh-copy f5 f4-l" aria-hidden="true">$3.43</div><span class="w_iUH7">current price $3.43</span><div class="gray mr1 f7 f6-l">21.4 ¢/oz</div></div><span class=""><span class="w_V_DM" style="-webkit-line-clamp:3;padding-bottom:0em;margin-bottom:-0em"><span data-automation-id="product-title" class="normal dark-gray mb0 mt1 lh-title f6 f5-l">FRESH CRAVINGS Restaurant Style Mild Salsa, 16 oz</span></span></span><div class="flex items-center mt2"><span class="black inline-flex mr1"><i class="ld ld-StarFill" style="font-size:12px;vertical-align:-0.175em;width:12px;height:12px;box-sizing:content-box" aria-hidden="true"></i><i class="ld ld-StarFill" style="font-size:12px;vertical-align:-0.175em;width:12px;height:12px;box-sizing:content-box" aria-hidden="true"></i><i class="ld ld-StarFill" style="font-size:12px;vertical-align:-0.175em;width:12px;height:12px;box-sizing:content-box" aria-hidden="true"></i><i class="ld ld-StarFill" style="font-size:12px;vertical-align:-0.175em;width:12px;height:12px;box-sizing:content-box" aria-hidden="true"></i><i class="ld ld-StarHalf" style="font-size:12px;vertical-align:-0.175em;width:12px;height:12px;box-sizing:content-box" aria-hidden="true"></i></span><span class="sans-serif gray f7" aria-hidden="true">1110</span><span class="w_iUH7">4.5 out of 5 Stars. 1110 reviews</span></div><div></div><div class="mb2 mt2"><span class="w_iUH7">Available for Pickup or Delivery</span><span class="w_VbBP w_mFV6 w_I_19 w_3oNC w_AAn7 mr1 mt1 ph1" aria-hidden="true">Pickup</span><span class="w_VbBP w_mFV6 w_I_19 w_3oNC w_AAn7 mr1 mt1 ph1" aria-hidden="true">Delivery</span></div></div></li><li class="flex flex-column items-center pa1 pr2 pb2" data-slide="1"><div role="group" data-item-id="52145785" class="sans-serif mid-gray relative flex flex-column w-100 h-100 hide-child-opacity" data-testid="product-tile-1" aria-label="Product"><a link-identifier="52145785" class="absolute w-100 h-100 z-1 hide-sibling-opacity" target="" href="/ip/FRESH-CRAVINGS-Chunky-MIld-Salsa-16-oz/52145785?athcpid=52145785&amp;athpgid=AthenaContentPage_5306523&amp;athcgid=null&amp;athznid=ItemCarousel_d5119a91-5cfc-4da8-b991-f13f9adf1aa9_items&amp;athieid=v0&amp;athstid=CS020&amp;athguid=RlEjjy3vFDoOKlTIw3pddki_Ijj7yfueE6BV&amp;athancid=null&amp;athena=true"><span class="w_iUH7"><h3>FRESH CRAVINGS Chunky MIld Salsa, 16 oz</h3></span></a><div class="h2 relative mv2"></div><div class="relative"><div class="relative overflow-hidden" style="max-width:226px;height:0;padding-bottom:min(226px, 100%);align-self:center;width:min(226px, 100%)"><img loading="lazy" srcset="https://i5.walmartimages.com/asr/3e58dee1-e0f0-4eae-88d5-f5d174034582.5594f43c7b572cccdb3a8db65f9db8fd.png?odnHeight=226&amp;odnWidth=226&amp;odnBg=FFFFFF 1x, https://i5.walmartimages.com/asr/3e58dee1-e0f0-4eae-88d5-f5d174034582.5594f43c7b572cccdb3a8db65f9db8fd.png?odnHeight=576&amp;odnWidth=576&amp;odnBg=FFFFFF 2x" src="https://i5.walmartimages.com/asr/3e58dee1-e0f0-4eae-88d5-f5d174034582.5594f43c7b572cccdb3a8db65f9db8fd.png?odnHeight=576&amp;odnWidth=576&amp;odnBg=FFFFFF" width="" height="" class="absolute top-0 left-0" data-testid="productTileImage" alt="FRESH CRAVINGS Chunky MIld Salsa, 16 oz"/></div><div class="z-2 absolute bottom--1"><div class="relative dib" data-id="52145785"><button class="w_hhLG w_8nsR w_jDfj pointer bn sans-serif b ph2 flex items-center justify-center w-auto shadow-1" type="button" data-pcss-hide="true" data-automation-id="add-to-cart" aria-label="Add to cart - FRESH CRAVINGS Chunky MIld Salsa, 16 oz"><i class="ld ld-Plus" style="font-size:1.5rem;vertical-align:-0.25em;width:1.5rem;height:1.5rem;box-sizing:content-box" title="add to cart"></i><span class="mr2">Add</span></button></div></div></div><div class="mt5 mb0" style="height:24px" data-testid="variant-52145785"></div><div data-automation-id="product-price" class="flex flex-wrap justify-start items-center lh-title mb1-m"><div class="mr1 mr2-xl b black lh-copy f5 f4-l" aria-hidden="true">$3.43</div><span class="w_iUH7">current price $3.43</span><div class="gray mr1 f7 f6-l">21.4 ¢/oz</div></div><span class=""><span class="w_V_DM" style="-webkit-line-clamp:3;padding-bottom:0em;margin-bottom:-0em"><span data-automation-id="product-title" class="normal dark-gray mb0 mt1 lh-title f6 f5-l">FRESH CRAVINGS Chunky MIld Salsa, 16 oz</span></span></span><div class="flex items-center mt2"><span class="black inline-flex mr1"><i class="ld ld-StarFill" style="font-size:12px;vertical-align:-0.175em;width:12px;height:12px;box-sizing:content-box" aria-hidden="true"></i><i class="ld ld-StarFill" style="font-size:12px;vertical-align:-0.175em;width:12px;height:12px;box-sizing:content-box" aria-hidden="true"></i><i class="ld ld-StarFill" style="font-size:12px;vertical-align:-0.175em;width:12px;height:12px;box-sizing:content-box" aria-hidden="true"></i><i class="ld ld-StarFill" style="font-size:12px;vertical-align:-0.175em;width:12px;height:12px;box-sizing:content-box" aria-hidden="true"></i><i class="ld ld-StarHalf" style="font-size:12px;vertical-align:-0.175em;width:12px;height:12px;box-sizing:content-box" aria-hidden="true"></i></span><span class="sans-serif gray f7" aria-hidden="true">644</span><span class="w_iUH7">4.6 out of 5 Stars. 644 reviews</span></div><div></div><div class="mb2 mt2"><span class="w_iUH7">Available for Pickup or Delivery</span><span class="w_VbBP w_mFV6 w_I_19 w_3oNC w_AAn7 mr1 mt1 ph1" aria-hidden="true">Pickup</span><span class="w_VbBP w_mFV6 w_I_19 w_3oNC w_AAn7 mr1 mt1 ph1" aria-hidden="true">Delivery</span></div></div></li><li class="flex flex-column items-center pa1 pr2 pb2" data-slide="2"><div role="group" data-item-id="236423545" class="sans-serif mid-gray relative flex flex-column w-100 h-100 hide-child-opacity" data-testid="product-tile-2" aria-label="Product"><a link-identifier="236423545" class="absolute w-100 h-100 z-1 hide-sibling-opacity" target="" href="/ip/Marketside-Sliced-Apples-12-5-oz-5-Count/236423545?athcpid=236423545&amp;athpgid=AthenaContentPage_5306523&amp;athcgid=null&amp;athznid=ItemCarousel_d5119a91-5cfc-4da8-b991-f13f9adf1aa9_items&amp;athieid=v0&amp;athstid=CS020&amp;athguid=RlEjjy3vFDoOKlTIw3pddki_Ijj7yfueE6BV&amp;athancid=null&amp;athena=true"><span class="w_iUH7"><h3>Marketside Sliced Apples, 12.5 oz, 5 Count</h3></span></a><div class="h2 relative mv2"></div><div class="relative"><div class="relative overflow-hidden" style="max-width:226px;height:0;padding-bottom:min(226px, 100%);align-self:center;width:min(226px, 100%)"><img loading="lazy" srcset="https://i5.walmartimages.com/asr/5370e100-f5e5-4f91-890c-d1aa97b338d6.6baa8f42f0d77e7f3d1f0674794a8583.jpeg?odnHeight=226&amp;odnWidth=226&amp;odnBg=FFFFFF 1x, https://i5.walmartimages.com/asr/5370e100-f5e5-4f91-890c-d1aa97b338d6.6baa8f42f0d77e7f3d1f0674794a8583.jpeg?odnHeight=576&amp;odnWidth=576&amp;odnBg=FFFFFF 2x" src="https://i5.walmartimages.com/asr/5370e100-f5e5-4f91-890c-d1aa97b338d6.6baa8f42f0d77e7f3d1f0674794a8583.jpeg?odnHeight=576&amp;odnWidth=576&amp;odnBg=FFFFFF" width="" height="" class="absolute top-0 left-0" data-testid="productTileImage" alt="Marketside Sliced Apples, 12.5 oz, 5 Count"/></div><div class="z-2 absolute bottom--1"><div class="relative dib" data-id="236423545"><button class="w_hhLG w_8nsR w_jDfj pointer bn sans-serif b ph2 flex items-center justify-center w-auto shadow-1" type="button" data-pcss-hide="true" data-automation-id="add-to-cart" aria-label="Add to cart - Marketside Sliced Apples, 12.5 oz, 5 Count"><i class="ld ld-Plus" style="font-size:1.5rem;vertical-align:-0.25em;width:1.5rem;height:1.5rem;box-sizing:content-box" title="add to cart"></i><span class="mr2">Add</span></button></div></div></div><div class="mt5 mb0" style="height:24px" data-testid="variant-236423545"></div><div data-automation-id="product-price" class="flex flex-wrap justify-start items-center lh-title mb1-m"><div class="mr1 mr2-xl b black lh-copy f5 f4-l" aria-hidden="true">$4.67</div><span class="w_iUH7">current price $4.67</span><div class="gray mr1 f7 f6-l">37.4 ¢/oz</div></div><span class=""><span class="w_V_DM" style="-webkit-line-clamp:3;padding-bottom:0em;margin-bottom:-0em"><span data-automation-id="product-title" class="normal dark-gray mb0 mt1 lh-title f6 f5-l">Marketside Sliced Apples, 12.5 oz, 5 Count</span></span></span><div class="flex items-center mt2"><span class="black inline-flex mr1"><i class="ld ld-StarFill" style="font-size:12px;vertical-align:-0.175em;width:12px;height:12px;box-sizing:content-box" aria-hidden="true"></i><i class="ld ld-StarHalf" style="font-size:12px;vertical-align:-0.175em;width:12px;height:12px;box-sizing:content-box" aria-hidden="true"></i><i class="ld ld-Star" style="font-size:12px;vertical-align:-0.175em;width:12px;height:12px;box-sizing:content-box" aria-hidden="true"></i><i class="ld ld-Star" style="font-size:12px;vertical-align:-0.175em;width:12px;height:12px;box-sizing:content-box" aria-hidden="true"></i><i class="ld ld-Star" style="font-size:12px;vertical-align:-0.175em;width:12px;height:12px;box-sizing:content-box" aria-hidden="true"></i></span><span class="sans-serif gray f7" aria-hidden="true">42</span><span class="w_iUH7">1.4 out of 5 Stars. 42 reviews</span></div><div></div><div class="mb2 mt2"><span class="w_iUH7">Available for Pickup or Delivery</span><span class="w_VbBP w_mFV6 w_I_19 w_3oNC w_AAn7 mr1 mt1 ph1" aria-hidden="true">Pickup</span><span class="w_VbBP w_mFV6 w_I_19 w_3oNC w_AAn7 mr1 mt1 ph1" aria-hidden="true">Delivery</span></div></div></li><li class="flex flex-column items-center pa1 pr2 pb2" data-slide="3"><div role="group" data-item-id="814142465" class="sans-serif mid-gray relative flex flex-column w-100 h-100 hide-child-opacity" data-testid="product-tile-3" aria-label="Product"><a link-identifier="814142465" class="absolute w-100 h-100 z-1 hide-sibling-opacity" target="" href="/ip/Freshness-Guaranteed-Mild-Guacamole-Mini-Cups-12-oz-6-Count/814142465?athcpid=814142465&amp;athpgid=AthenaContentPage_5306523&amp;athcgid=null&amp;athznid=ItemCarousel_d5119a91-5cfc-4da8-b991-f13f9adf1aa9_items&amp;athieid=v0&amp;athstid=CS020&amp;athguid=RlEjjy3vFDoOKlTIw3pddki_Ijj7yfueE6BV&amp;athancid=null&amp;athena=true&amp;athbdg=L1600"><span class="w_iUH7"><h3>Freshness Guaranteed Mild Guacamole Mini Cups, 12 oz, 6 Count</h3></span></a><div class="h2 relative mv2"><span class="w_VbBP w_mFV6 w_awtt w_3oNC w_3H8O tag-leading-badge absolute">Best seller</span></div><div class="relative"><div class="relative overflow-hidden" style="max-width:226px;height:0;padding-bottom:min(226px, 100%);align-self:center;width:min(226px, 100%)"><img loading="lazy" srcset="https://i5.walmartimages.com/asr/01753d90-f6d8-4ed9-b641-8db128aacc3b.3b8aadef3c21f9af2e53943cf95d9133.jpeg?odnHeight=226&amp;odnWidth=226&amp;odnBg=FFFFFF 1x, https://i5.walmartimages.com/asr/01753d90-f6d8-4ed9-b641-8db128aacc3b.3b8aadef3c21f9af2e53943cf95d9133.jpeg?odnHeight=576&amp;odnWidth=576&amp;odnBg=FFFFFF 2x" src="https://i5.walmartimages.com/asr/01753d90-f6d8-4ed9-b641-8db128aacc3b.3b8aadef3c21f9af2e53943cf95d9133.jpeg?odnHeight=576&amp;odnWidth=576&amp;odnBg=FFFFFF" width="" height="" class="absolute top-0 left-0" data-testid="productTileImage" alt="Freshness Guaranteed Mild Guacamole Mini Cups, 12 oz, 6 Count"/></div><div class="z-2 absolute bottom--1"><div class="relative dib" data-id="814142465"><button class="w_hhLG w_8nsR w_jDfj pointer bn sans-serif b ph2 flex items-center justify-center w-auto shadow-1" type="button" data-pcss-hide="true" data-automation-id="add-to-cart" aria-label="Add to cart - Freshness Guaranteed Mild Guacamole Mini Cups, 12 oz, 6 Count"><i class="ld ld-Plus" style="font-size:1.5rem;vertical-align:-0.25em;width:1.5rem;height:1.5rem;box-sizing:content-box" title="add to cart"></i><span class="mr2">Add</span></button></div></div></div><div class="mt5 mb0" style="height:24px" data-testid="variant-814142465"></div><div data-automation-id="product-price" class="flex flex-wrap justify-start items-center lh-title mb1-m"><div class="mr1 mr2-xl b black lh-copy f5 f4-l" aria-hidden="true">$4.18</div><span class="w_iUH7">current price $4.18</span><div class="gray mr1 f7 f6-l">34.8 ¢/oz</div></div><span class=""><span class="w_V_DM" style="-webkit-line-clamp:3;padding-bottom:0em;margin-bottom:-0em"><span data-automation-id="product-title" class="normal dark-gray mb0 mt1 lh-title f6 f5-l">Freshness Guaranteed Mild Guacamole Mini Cups, 12 oz, 6 Count</span></span></span><div class="flex items-center mt2"><span class="black inline-flex mr1"><i class="ld ld-StarFill" style="font-size:12px;vertical-align:-0.175em;width:12px;height:12px;box-sizing:content-box" aria-hidden="true"></i><i class="ld ld-StarFill" style="font-size:12px;vertical-align:-0.175em;width:12px;height:12px;box-sizing:content-box" aria-hidden="true"></i><i class="ld ld-StarFill" style="font-size:12px;vertical-align:-0.175em;width:12px;height:12px;box-sizing:content-box" aria-hidden="true"></i><i class="ld ld-StarHalf" style="font-size:12px;vertical-align:-0.175em;width:12px;height:12px;box-sizing:content-box" aria-hidden="true"></i><i class="ld ld-Star" style="font-size:12px;vertical-align:-0.175em;width:12px;height:12px;box-sizing:content-box" aria-hidden="true"></i></span><span class="sans-serif gray f7" aria-hidden="true">141</span><span class="w_iUH7">3.4 out of 5 Stars. 141 reviews</span></div><div></div><div class="mb2 mt2"><span class="w_iUH7">Available for Pickup or Delivery</span><span class="w_VbBP w_mFV6 w_I_19 w_3oNC w_AAn7 mr1 mt1 ph1" aria-hidden="true">Pickup</span><span class="w_VbBP w_mFV6 w_I_19 w_3oNC w_AAn7 mr1 mt1 ph1" aria-hidden="true">Delivery</span></div></div></li><li class="flex flex-column items-center pa1 pr2 pb2" data-slide="4"><div role="group" data-item-id="842476413" class="sans-serif mid-gray relative flex flex-column w-100 h-100 hide-child-opacity" data-testid="product-tile-4" aria-label="Product"><a link-identifier="842476413" class="absolute w-100 h-100 z-1 hide-sibling-opacity" target="" href="/ip/Marketside-Peeled-Sliced-Apples-12-5-oz-5-Count/842476413?athcpid=842476413&amp;athpgid=AthenaContentPage_5306523&amp;athcgid=null&amp;athznid=ItemCarousel_d5119a91-5cfc-4da8-b991-f13f9adf1aa9_items&amp;athieid=v0&amp;athstid=CS020&amp;athguid=RlEjjy3vFDoOKlTIw3pddki_Ijj7yfueE6BV&amp;athancid=null&amp;athena=true"><span class="w_iUH7"><h3>Marketside Peeled Sliced Apples, 12.5 oz, 5 Count</h3></span></a><div class="h2 relative mv2"></div><div class="relative"><div class="relative overflow-hidden" style="max-width:226px;height:0;padding-bottom:min(226px, 100%);align-self:center;width:min(226px, 100%)"><img loading="lazy" srcset="https://i5.walmartimages.com/asr/5625c45b-07d3-4fe2-af27-ddb86f6b7255_1.6ae9b5103278643e75b819b782a24ff5.jpeg?odnHeight=226&amp;odnWidth=226&amp;odnBg=FFFFFF 1x, https://i5.walmartimages.com/asr/5625c45b-07d3-4fe2-af27-ddb86f6b7255_1.6ae9b5103278643e75b819b782a24ff5.jpeg?odnHeight=576&amp;odnWidth=576&amp;odnBg=FFFFFF 2x" src="https://i5.walmartimages.com/asr/5625c45b-07d3-4fe2-af27-ddb86f6b7255_1.6ae9b5103278643e75b819b782a24ff5.jpeg?odnHeight=576&amp;odnWidth=576&amp;odnBg=FFFFFF" width="" height="" class="absolute top-0 left-0" data-testid="productTileImage" alt="Marketside Peeled Sliced Apples, 12.5 oz, 5 Count"/></div><div class="z-2 absolute bottom--1"><div class="relative dib" data-id="842476413"><button class="w_hhLG w_8nsR w_jDfj pointer bn sans-serif b ph2 flex items-center justify-center w-auto shadow-1" type="button" data-pcss-hide="true" data-automation-id="add-to-cart" aria-label="Add to cart - Marketside Peeled Sliced Apples, 12.5 oz, 5 Count"><i class="ld ld-Plus" style="font-size:1.5rem;vertical-align:-0.25em;width:1.5rem;height:1.5rem;box-sizing:content-box" title="add to cart"></i><span class="mr2">Add</span></button></div></div></div><div class="mt5 mb0" style="height:24px" data-testid="variant-842476413"></div><div data-automation-id="product-price" class="flex flex-wrap justify-start items-center lh-title mb1-m"><div class="mr1 mr2-xl b black lh-copy f5 f4-l" aria-hidden="true">$4.67</div><span class="w_iUH7">current price $4.67</span><div class="gray mr1 f7 f6-l">37.4 ¢/oz</div></div><span class=""><span class="w_V_DM" style="-webkit-line-clamp:3;padding-bottom:0em;margin-bottom:-0em"><span data-automation-id="product-title" class="normal dark-gray mb0 mt1 lh-title f6 f5-l">Marketside Peeled Sliced Apples, 12.5 oz, 5 Count</span></span></span><div class="flex items-center mt2"><span class="black inline-flex mr1"><i class="ld ld-StarFill" style="font-size:12px;vertical-align:-0.175em;width:12px;height:12px;box-sizing:content-box" aria-hidden="true"></i><i class="ld ld-StarFill" style="font-size:12px;vertical-align:-0.175em;width:12px;height:12px;box-sizing:content-box" aria-hidden="true"></i><i class="ld ld-Star" style="font-size:12px;vertical-align:-0.175em;width:12px;height:12px;box-sizing:content-box" aria-hidden="true"></i><i class="ld ld-Star" style="font-size:12px;vertical-align:-0.175em;width:12px;height:12px;box-sizing:content-box" aria-hidden="true"></i><i class="ld ld-Star" style="font-size:12px;vertical-align:-0.175em;width:12px;height:12px;box-sizing:content-box" aria-hidden="true"></i></span><span class="sans-serif gray f7" aria-hidden="true">57</span><span class="w_iUH7">2.2 out of 5 Stars. 57 reviews</span></div><div></div><div class="mb2 mt2"><span class="w_iUH7">Available for Pickup or Delivery</span><span class="w_VbBP w_mFV6 w_I_19 w_3oNC w_AAn7 mr1 mt1 ph1" aria-hidden="true">Pickup</span><span class="w_VbBP w_mFV6 w_I_19 w_3oNC w_AAn7 mr1 mt1 ph1" aria-hidden="true">Delivery</span></div></div></li><li class="flex flex-column items-center pa1 pr2 pb2" data-slide="5"><div role="group" data-item-id="533767006" class="sans-serif mid-gray relative flex flex-column w-100 h-100 hide-child-opacity" data-testid="product-tile-5" aria-label="Product"><a link-identifier="533767006" class="absolute w-100 h-100 z-1 hide-sibling-opacity" target="" href="/ip/Freshness-Guaranteed-Guacamole-Mild-8-oz/533767006?athcpid=533767006&amp;athpgid=AthenaContentPage_5306523&amp;athcgid=null&amp;athznid=ItemCarousel_d5119a91-5cfc-4da8-b991-f13f9adf1aa9_items&amp;athieid=v0&amp;athstid=CS020&amp;athguid=RlEjjy3vFDoOKlTIw3pddki_Ijj7yfueE6BV&amp;athancid=null&amp;athena=true&amp;athbdg=L1600"><span class="w_iUH7"><h3>Freshness Guaranteed Guacamole, Mild, 8 oz</h3></span></a><div class="h2 relative mv2"><span class="w_VbBP w_mFV6 w_awtt w_3oNC w_3H8O tag-leading-badge absolute">Best seller</span></div><div class="relative"><div class="relative overflow-hidden" style="max-width:226px;height:0;padding-bottom:min(226px, 100%);align-self:center;width:min(226px, 100%)"><img loading="lazy" srcset="https://i5.walmartimages.com/asr/391af844-c0c4-4029-9961-5d9899fa8181.d27a885f3bd6007bdfcdae9fee295ed9.jpeg?odnHeight=226&amp;odnWidth=226&amp;odnBg=FFFFFF 1x, https://i5.walmartimages.com/asr/391af844-c0c4-4029-9961-5d9899fa8181.d27a885f3bd6007bdfcdae9fee295ed9.jpeg?odnHeight=576&amp;odnWidth=576&amp;odnBg=FFFFFF 2x" src="https://i5.walmartimages.com/asr/391af844-c0c4-4029-9961-5d9899fa8181.d27a885f3bd6007bdfcdae9fee295ed9.jpeg?odnHeight=576&amp;odnWidth=576&amp;odnBg=FFFFFF" width="" height="" class="absolute top-0 left-0" data-testid="productTileImage" alt="Freshness Guaranteed Guacamole, Mild, 8 oz"/></div><div class="z-2 absolute bottom--1"><div class="relative dib" data-id="533767006"><button class="w_hhLG w_8nsR w_jDfj pointer bn sans-serif b ph2 flex items-center justify-center w-auto shadow-1" type="button" data-pcss-hide="true" data-automation-id="add-to-cart" aria-label="Add to cart - Freshness Guaranteed Guacamole, Mild, 8 oz"><i class="ld ld-Plus" style="font-size:1.5rem;vertical-align:-0.25em;width:1.5rem;height:1.5rem;box-sizing:content-box" title="add to cart"></i><span class="mr2">Add</span></button></div></div></div><div class="mt5 mb0" style="height:24px" data-testid="variant-533767006"></div><div data-automation-id="product-price" class="flex flex-wrap justify-start items-center lh-title mb1-m"><div class="mr1 mr2-xl b black lh-copy f5 f4-l" aria-hidden="true">$2.98</div><span class="w_iUH7">current price $2.98</span><div class="gray mr1 f7 f6-l">37.3 ¢/oz</div></div><span class=""><span class="w_V_DM" style="-webkit-line-clamp:3;padding-bottom:0em;margin-bottom:-0em"><span data-automation-id="product-title" class="normal dark-gray mb0 mt1 lh-title f6 f5-l">Freshness Guaranteed Guacamole, Mild, 8 oz</span></span></span><div class="flex items-center mt2"><span class="black inline-flex mr1"><i class="ld ld-StarFill" style="font-size:12px;vertical-align:-0.175em;width:12px;height:12px;box-sizing:content-box" aria-hidden="true"></i><i class="ld ld-StarFill" style="font-size:12px;vertical-align:-0.175em;width:12px;height:12px;box-sizing:content-box" aria-hidden="true"></i><i class="ld ld-StarFill" style="font-size:12px;vertical-align:-0.175em;width:12px;height:12px;box-sizing:content-box" aria-hidden="true"></i><i class="ld ld-Star" style="font-size:12px;vertical-align:-0.175em;width:12px;height:12px;box-sizing:content-box" aria-hidden="true"></i><i class="ld ld-Star" style="font-size:12px;vertical-align:-0.175em;width:12px;height:12px;box-sizing:content-box" aria-hidden="true"></i></span><span class="sans-serif gray f7" aria-hidden="true">148</span><span class="w_iUH7">3.2 out of 5 Stars. 148 reviews</span></div><div></div><div class="mb2 mt2"><span class="w_iUH7">Available for Pickup or Delivery</span><span class="w_VbBP w_mFV6 w_I_19 w_3oNC w_AAn7 mr1 mt1 ph1" aria-hidden="true">Pickup</span><span class="w_VbBP w_mFV6 w_I_19 w_3oNC w_AAn7 mr1 mt1 ph1" aria-hidden="true">Delivery</span></div></div></li><li class="flex flex-column items-center pa1 pr2 pb2" data-slide="6"><div role="group" data-item-id="309762096" class="sans-serif mid-gray relative flex flex-column w-100 h-100 hide-child-opacity" data-testid="product-tile-6" aria-label="Product"><a link-identifier="309762096" class="absolute w-100 h-100 z-1 hide-sibling-opacity" target="" href="/ip/Fresh-Rockit-Crisp-Sweet-Miniature-Apples-3lb-Tub/309762096?athcpid=309762096&amp;athpgid=AthenaContentPage_5306523&amp;athcgid=null&amp;athznid=ItemCarousel_d5119a91-5cfc-4da8-b991-f13f9adf1aa9_items&amp;athieid=v0&amp;athstid=CS020&amp;athguid=RlEjjy3vFDoOKlTIw3pddki_Ijj7yfueE6BV&amp;athancid=null&amp;athena=true"><span class="w_iUH7"><h3>Fresh Rockit, Crisp Sweet Miniature Apples, 3lb Tub</h3></span></a><div class="h2 relative mv2"></div><div class="relative"><div class="relative overflow-hidden" style="max-width:226px;height:0;padding-bottom:min(226px, 100%);align-self:center;width:min(226px, 100%)"><img loading="lazy" srcset="https://i5.walmartimages.com/asr/de6d6d44-507a-43e4-9bd9-d86286473870.4d6dbcb5c200885859982510d4314077.jpeg?odnHeight=226&amp;odnWidth=226&amp;odnBg=FFFFFF 1x, https://i5.walmartimages.com/asr/de6d6d44-507a-43e4-9bd9-d86286473870.4d6dbcb5c200885859982510d4314077.jpeg?odnHeight=576&amp;odnWidth=576&amp;odnBg=FFFFFF 2x" src="https://i5.walmartimages.com/asr/de6d6d44-507a-43e4-9bd9-d86286473870.4d6dbcb5c200885859982510d4314077.jpeg?odnHeight=576&amp;odnWidth=576&amp;odnBg=FFFFFF" width="" height="" class="absolute top-0 left-0" data-testid="productTileImage" alt="Fresh Rockit, Crisp Sweet Miniature Apples, 3lb Tub"/></div><div class="z-2 absolute bottom--1"><div class="relative dib" data-id="309762096"><button class="w_hhLG w_8nsR w_jDfj pointer bn sans-serif b ph2 flex items-center justify-center w-auto shadow-1" type="button" data-pcss-hide="true" data-automation-id="add-to-cart" aria-label="Add to cart - Fresh Rockit, Crisp Sweet Miniature Apples, 3lb Tub"><i class="ld ld-Plus" style="font-size:1.5rem;vertical-align:-0.25em;width:1.5rem;height:1.5rem;box-sizing:content-box" title="add to cart"></i><span class="mr2">Add</span></button></div></div></div><div class="mt5 mb0" style="height:24px" data-testid="variant-309762096"></div><div data-automation-id="product-price" class="flex flex-wrap justify-start items-center lh-title mb1-m"><div class="mr1 mr2-xl b black lh-copy f5 f4-l" aria-hidden="true">$10.37</div><span class="w_iUH7">current price $10.37</span></div><span class=""><span class="w_V_DM" style="-webkit-line-clamp:3;padding-bottom:0em;margin-bottom:-0em"><span data-automation-id="product-title" class="normal dark-gray mb0 mt1 lh-title f6 f5-l">Fresh Rockit, Crisp Sweet Miniature Apples, 3lb Tub</span></span></span><div class="flex items-center mt2"><span class="black inline-flex mr1"><i class="ld ld-StarFill" style="font-size:12px;vertical-align:-0.175em;width:12px;height:12px;box-sizing:content-box" aria-hidden="true"></i><i class="ld ld-StarFill" style="font-size:12px;vertical-align:-0.175em;width:12px;height:12px;box-sizing:content-box" aria-hidden="true"></i><i class="ld ld-StarFill" style="font-size:12px;vertical-align:-0.175em;width:12px;height:12px;box-sizing:content-box" aria-hidden="true"></i><i class="ld ld-StarFill" style="font-size:12px;vertical-align:-0.175em;width:12px;height:12px;box-sizing:content-box" aria-hidden="true"></i><i class="ld ld-StarHalf" style="font-size:12px;vertical-align:-0.175em;width:12px;height:12px;box-sizing:content-box" aria-hidden="true"></i></span><span class="sans-serif gray f7" aria-hidden="true">366</span><span class="w_iUH7">4.4 out of 5 Stars. 366 reviews</span></div><div></div><div class="mb2 mt2"><span class="w_iUH7">Available for Pickup or Delivery</span><span class="w_VbBP w_mFV6 w_I_19 w_3oNC w_AAn7 mr1 mt1 ph1" aria-hidden="true">Pickup</span><span class="w_VbBP w_mFV6 w_I_19 w_3oNC w_AAn7 mr1 mt1 ph1" aria-hidden="true">Delivery</span></div></div></li><li class="flex flex-column items-center pa1 pr2 pb2" data-slide="7"><div role="group" data-item-id="45980581" class="sans-serif mid-gray relative flex flex-column w-100 h-100 hide-child-opacity" data-testid="product-tile-7" aria-label="Product"><a link-identifier="45980581" class="absolute w-100 h-100 z-1 hide-sibling-opacity" target="" href="/ip/FRESH-CRAVINGS-Restaurant-Style-Medium-Salsa-16-oz/45980581?athcpid=45980581&amp;athpgid=AthenaContentPage_5306523&amp;athcgid=null&amp;athznid=ItemCarousel_d5119a91-5cfc-4da8-b991-f13f9adf1aa9_items&amp;athieid=v0&amp;athstid=CS020&amp;athguid=RlEjjy3vFDoOKlTIw3pddki_Ijj7yfueE6BV&amp;athancid=null&amp;athena=true&amp;athbdg=L1600"><span class="w_iUH7"><h3>FRESH CRAVINGS Restaurant Style Medium Salsa, 16 oz</h3></span></a><div class="h2 relative mv2"><span class="w_VbBP w_mFV6 w_awtt w_3oNC w_3H8O tag-leading-badge absolute">Best seller</span></div><div class="relative"><div class="relative overflow-hidden" style="max-width:226px;height:0;padding-bottom:min(226px, 100%);align-self:center;width:min(226px, 100%)"><img loading="lazy" srcset="https://i5.walmartimages.com/asr/f4813bdd-3d59-4650-91b7-68eb244db228.e95d67f12d9bb50dac29d1d6bf2091b4.png?odnHeight=226&amp;odnWidth=226&amp;odnBg=FFFFFF 1x, https://i5.walmartimages.com/asr/f4813bdd-3d59-4650-91b7-68eb244db228.e95d67f12d9bb50dac29d1d6bf2091b4.png?odnHeight=576&amp;odnWidth=576&amp;odnBg=FFFFFF 2x" src="https://i5.walmartimages.com/asr/f4813bdd-3d59-4650-91b7-68eb244db228.e95d67f12d9bb50dac29d1d6bf2091b4.png?odnHeight=576&amp;odnWidth=576&amp;odnBg=FFFFFF" width="" height="" class="absolute top-0 left-0" data-testid="productTileImage" alt="FRESH CRAVINGS Restaurant Style Medium Salsa, 16 oz"/></div><div class="z-2 absolute bottom--1"><div class="relative dib" data-id="45980581"><button class="w_hhLG w_8nsR w_jDfj pointer bn sans-serif b ph2 flex items-center justify-center w-auto shadow-1" type="button" data-pcss-hide="true" data-automation-id="add-to-cart" aria-label="Add to cart - FRESH CRAVINGS Restaurant Style Medium Salsa, 16 oz"><i class="ld ld-Plus" style="font-size:1.5rem;vertical-align:-0.25em;width:1.5rem;height:1.5rem;box-sizing:content-box" title="add to cart"></i><span class="mr2">Add</span></button></div></div></div><div class="mt5 mb0" style="height:24px" data-testid="variant-45980581"></div><div data-automation-id="product-price" class="flex flex-wrap justify-start items-center lh-title mb1-m"><div class="mr1 mr2-xl b black lh-copy f5 f4-l" aria-hidden="true">$3.43</div><span class="w_iUH7">current price $3.43</span><div class="gray mr1 f7 f6-l">21.4 ¢/oz</div></div><span class=""><span class="w_V_DM" style="-webkit-line-clamp:3;padding-bottom:0em;margin-bottom:-0em"><span data-automation-id="product-title" class="normal dark-gray mb0 mt1 lh-title f6 f5-l">FRESH CRAVINGS Restaurant Style Medium Salsa, 16 oz</span></span></span><div class="flex items-center mt2"><span class="black inline-flex mr1"><i class="ld ld-StarFill" style="font-size:12px;vertical-align:-0.175em;width:12px;height:12px;box-sizing:content-box" aria-hidden="true"></i><i class="ld ld-StarFill" style="font-size:12px;vertical-align:-0.175em;width:12px;height:12px;box-sizing:content-box" aria-hidden="true"></i><i class="ld ld-StarFill" style="font-size:12px;vertical-align:-0.175em;width:12px;height:12px;box-sizing:content-box" aria-hidden="true"></i><i class="ld ld-StarFill" style="font-size:12px;vertical-align:-0.175em;width:12px;height:12px;box-sizing:content-box" aria-hidden="true"></i><i class="ld ld-StarHalf" style="font-size:12px;vertical-align:-0.175em;width:12px;height:12px;box-sizing:content-box" aria-hidden="true"></i></span><span class="sans-serif gray f7" aria-hidden="true">1067</span><span class="w_iUH7">4.4 out of 5 Stars. 1067 reviews</span></div><div></div><div class="mb2 mt2"><span class="w_iUH7">Available for Pickup or Delivery</span><span class="w_VbBP w_mFV6 w_I_19 w_3oNC w_AAn7 mr1 mt1 ph1" aria-hidden="true">Pickup</span><span class="w_VbBP w_mFV6 w_I_19 w_3oNC w_AAn7 mr1 mt1 ph1" aria-hidden="true">Delivery</span></div></div></li><li class="flex flex-column items-center pa1 pr2 pb2" data-slide="8"><div role="group" data-item-id="572154678" class="sans-serif mid-gray relative flex flex-column w-100 h-100 hide-child-opacity" data-testid="product-tile-8" aria-label="Product"><a link-identifier="572154678" class="absolute w-100 h-100 z-1 hide-sibling-opacity" target="" href="/ip/Freshness-Guaranteed-Guacamole-Spicy-8-oz/572154678?athcpid=572154678&amp;athpgid=AthenaContentPage_5306523&amp;athcgid=null&amp;athznid=ItemCarousel_d5119a91-5cfc-4da8-b991-f13f9adf1aa9_items&amp;athieid=v0&amp;athstid=CS020&amp;athguid=RlEjjy3vFDoOKlTIw3pddki_Ijj7yfueE6BV&amp;athancid=null&amp;athena=true"><span class="w_iUH7"><h3>Freshness Guaranteed Guacamole, Spicy, 8 oz</h3></span></a><div class="h2 relative mv2"></div><div class="relative"><div class="relative overflow-hidden" style="max-width:226px;height:0;padding-bottom:min(226px, 100%);align-self:center;width:min(226px, 100%)"><img loading="lazy" srcset="https://i5.walmartimages.com/asr/fba49048-679f-4fc6-b52c-4c85cdc7d712.03cb8f211e76e07cf47b7a62bd167ab9.jpeg?odnHeight=226&amp;odnWidth=226&amp;odnBg=FFFFFF 1x, https://i5.walmartimages.com/asr/fba49048-679f-4fc6-b52c-4c85cdc7d712.03cb8f211e76e07cf47b7a62bd167ab9.jpeg?odnHeight=576&amp;odnWidth=576&amp;odnBg=FFFFFF 2x" src="https://i5.walmartimages.com/asr/fba49048-679f-4fc6-b52c-4c85cdc7d712.03cb8f211e76e07cf47b7a62bd167ab9.jpeg?odnHeight=576&amp;odnWidth=576&amp;odnBg=FFFFFF" width="" height="" class="absolute top-0 left-0" data-testid="productTileImage" alt="Freshness Guaranteed Guacamole, Spicy, 8 oz"/></div><div class="z-2 absolute bottom--1"><div class="relative dib" data-id="572154678"><button class="w_hhLG w_8nsR w_jDfj pointer bn sans-serif b ph2 flex items-center justify-center w-auto shadow-1" type="button" data-pcss-hide="true" data-automation-id="add-to-cart" aria-label="Add to cart - Freshness Guaranteed Guacamole, Spicy, 8 oz"><i class="ld ld-Plus" style="font-size:1.5rem;vertical-align:-0.25em;width:1.5rem;height:1.5rem;box-sizing:content-box" title="add to cart"></i><span class="mr2">Add</span></button></div></div></div><div class="mt5 mb0" style="height:24px" data-testid="variant-572154678"></div><div data-automation-id="product-price" class="flex flex-wrap justify-start items-center lh-title mb1-m"><div class="mr1 mr2-xl b black lh-copy f5 f4-l" aria-hidden="true">$2.98</div><span class="w_iUH7">current price $2.98</span><div class="gray mr1 f7 f6-l">37.3 ¢/oz</div></div><span class=""><span class="w_V_DM" style="-webkit-line-clamp:3;padding-bottom:0em;margin-bottom:-0em"><span data-automation-id="product-title" class="normal dark-gray mb0 mt1 lh-title f6 f5-l">Freshness Guaranteed Guacamole, Spicy, 8 oz</span></span></span><div class="flex items-center mt2"><span class="black inline-flex mr1"><i class="ld ld-StarFill" style="font-size:12px;vertical-align:-0.175em;width:12px;height:12px;box-sizing:content-box" aria-hidden="true"></i><i class="ld ld-StarFill" style="font-size:12px;vertical-align:-0.175em;width:12px;height:12px;box-sizing:content-box" aria-hidden="true"></i><i class="ld ld-StarFill" style="font-size:12px;vertical-align:-0.175em;width:12px;height:12px;box-sizing:content-box" aria-hidden="true"></i><i class="ld ld-StarHalf" style="font-size:12px;vertical-align:-0.175em;width:12px;height:12px;box-sizing:content-box" aria-hidden="true"></i><i class="ld ld-Star" style="font-size:12px;vertical-align:-0.175em;width:12px;height:12px;box-sizing:content-box" aria-hidden="true"></i></span><span class="sans-serif gray f7" aria-hidden="true">60</span><span class="w_iUH7">3.5 out of 5 Stars. 60 reviews</span></div><div></div><div class="mb2 mt2"><span class="w_iUH7">Available for Pickup or Delivery</span><span class="w_VbBP w_mFV6 w_I_19 w_3oNC w_AAn7 mr1 mt1 ph1" aria-hidden="true">Pickup</span><span class="w_VbBP w_mFV6 w_I_19 w_3oNC w_AAn7 mr1 mt1 ph1" aria-hidden="true">Delivery</span></div></div></li><li class="flex flex-column items-center pa1 pr2 pb2" data-slide="9"><div role="group" data-item-id="330307128" class="sans-serif mid-gray relative flex flex-column w-100 h-100 hide-child-opacity" data-testid="product-tile-9" aria-label="Product"><a link-identifier="330307128" class="absolute w-100 h-100 z-1 hide-sibling-opacity" target="" href="/ip/Freshness-Guaranteed-Chunky-Guacamole-8-oz/330307128?athcpid=330307128&amp;athpgid=AthenaContentPage_5306523&amp;athcgid=null&amp;athznid=ItemCarousel_d5119a91-5cfc-4da8-b991-f13f9adf1aa9_items&amp;athieid=v0&amp;athstid=CS020&amp;athguid=RlEjjy3vFDoOKlTIw3pddki_Ijj7yfueE6BV&amp;athancid=null&amp;athena=true"><span class="w_iUH7"><h3>Freshness Guaranteed Chunky Guacamole, 8 oz</h3></span></a><div class="h2 relative mv2"></div><div class="relative"><div class="relative overflow-hidden" style="max-width:226px;height:0;padding-bottom:min(226px, 100%);align-self:center;width:min(226px, 100%)"><img loading="lazy" srcset="https://i5.walmartimages.com/asr/3d173101-d4ee-46ba-9563-1dc817652fad.488c3085f0fe97f2b5ed9c0e7ca93238.jpeg?odnHeight=226&amp;odnWidth=226&amp;odnBg=FFFFFF 1x, https://i5.walmartimages.com/asr/3d173101-d4ee-46ba-9563-1dc817652fad.488c3085f0fe97f2b5ed9c0e7ca93238.jpeg?odnHeight=576&amp;odnWidth=576&amp;odnBg=FFFFFF 2x" src="https://i5.walmartimages.com/asr/3d173101-d4ee-46ba-9563-1dc817652fad.488c3085f0fe97f2b5ed9c0e7ca93238.jpeg?odnHeight=576&amp;odnWidth=576&amp;odnBg=FFFFFF" width="" height="" class="absolute top-0 left-0" data-testid="productTileImage" alt="Freshness Guaranteed Chunky Guacamole, 8 oz"/></div><div class="z-2 absolute bottom--1"><div class="relative dib" data-id="330307128"><button class="w_hhLG w_8nsR w_jDfj pointer bn sans-serif b ph2 flex items-center justify-center w-auto shadow-1" type="button" data-pcss-hide="true" data-automation-id="add-to-cart" aria-label="Add to cart - Freshness Guaranteed Chunky Guacamole, 8 oz"><i class="ld ld-Plus" style="font-size:1.5rem;vertical-align:-0.25em;width:1.5rem;height:1.5rem;box-sizing:content-box" title="add to cart"></i><span class="mr2">Add</span></button></div></div></div><div class="mt5 mb0" style="height:24px" data-testid="variant-330307128"></div><div data-automation-id="product-price" class="flex flex-wrap justify-start items-center lh-title mb1-m"><div class="mr1 mr2-xl b black lh-copy f5 f4-l" aria-hidden="true">$2.98</div><span class="w_iUH7">current price $2.98</span><div class="gray mr1 f7 f6-l">37.3 ¢/oz</div></div><span class=""><span class="w_V_DM" style="-webkit-line-clamp:3;padding-bottom:0em;margin-bottom:-0em"><span data-automation-id="product-title" class="normal dark-gray mb0 mt1 lh-title f6 f5-l">Freshness Guaranteed Chunky Guacamole, 8 oz</span></span></span><div class="flex items-center mt2"><span class="black inline-flex mr1"><i class="ld ld-StarFill" style="font-size:12px;vertical-align:-0.175em;width:12px;height:12px;box-sizing:content-box" aria-hidden="true"></i><i class="ld ld-StarFill" style="font-size:12px;vertical-align:-0.175em;width:12px;height:12px;box-sizing:content-box" aria-hidden="true"></i><i class="ld ld-StarFill" style="font-size:12px;vertical-align:-0.175em;width:12px;height:12px;box-sizing:content-box" aria-hidden="true"></i><i class="ld ld-StarHalf" style="font-size:12px;vertical-align:-0.175em;width:12px;height:12px;box-sizing:content-box" aria-hidden="true"></i><i class="ld ld-Star" style="font-size:12px;vertical-align:-0.175em;width:12px;height:12px;box-sizing:content-box" aria-hidden="true"></i></span><span class="sans-serif gray f7" aria-hidden="true">72</span><span class="w_iUH7">3.5 out of 5 Stars. 72 reviews</span></div><div></div><div class="mb2 mt2"><span class="w_iUH7">Available for Pickup or Delivery</span><span class="w_VbBP w_mFV6 w_I_19 w_3oNC w_AAn7 mr1 mt1 ph1" aria-hidden="true">Pickup</span><span class="w_VbBP w_mFV6 w_I_19 w_3oNC w_AAn7 mr1 mt1 ph1" aria-hidden="true">Delivery</span></div></div></li><li class="flex flex-column items-center pa1 pr2 pb2" data-slide="10"><div role="group" data-item-id="44391212" class="sans-serif mid-gray relative flex flex-column w-100 h-100 hide-child-opacity" data-testid="product-tile-10" aria-label="Product"><a link-identifier="44391212" class="absolute w-100 h-100 z-1 hide-sibling-opacity" target="" href="/ip/Taylor-Farms-Almonds-Cheese-Snack-Pack-6-5-oz/44391212?athcpid=44391212&amp;athpgid=AthenaContentPage_5306523&amp;athcgid=null&amp;athznid=ItemCarousel_d5119a91-5cfc-4da8-b991-f13f9adf1aa9_items&amp;athieid=v0&amp;athstid=CS020&amp;athguid=RlEjjy3vFDoOKlTIw3pddki_Ijj7yfueE6BV&amp;athancid=null&amp;athena=true&amp;athbdg=L1600"><span class="w_iUH7"><h3>Taylor Farms Almonds &amp; Cheese Snack Pack, 6.5 oz</h3></span></a><div class="h2 relative mv2"><span class="w_VbBP w_mFV6 w_awtt w_3oNC w_3H8O tag-leading-badge absolute">Best seller</span></div><div class="relative"><div class="relative overflow-hidden" style="max-width:226px;height:0;padding-bottom:min(226px, 100%);align-self:center;width:min(226px, 100%)"><img loading="lazy" srcset="https://i5.walmartimages.com/asr/b3c52fca-aeb9-4bd3-8aea-0d46e103badf.bfc1ebc435ac8c3e47eedccbe1b841df.jpeg?odnHeight=226&amp;odnWidth=226&amp;odnBg=FFFFFF 1x, https://i5.walmartimages.com/asr/b3c52fca-aeb9-4bd3-8aea-0d46e103badf.bfc1ebc435ac8c3e47eedccbe1b841df.jpeg?odnHeight=576&amp;odnWidth=576&amp;odnBg=FFFFFF 2x" src="https://i5.walmartimages.com/asr/b3c52fca-aeb9-4bd3-8aea-0d46e103badf.bfc1ebc435ac8c3e47eedccbe1b841df.jpeg?odnHeight=576&amp;odnWidth=576&amp;odnBg=FFFFFF" width="" height="" class="absolute top-0 left-0" data-testid="productTileImage" alt="Taylor Farms Almonds &amp; Cheese Snack Pack, 6.5 oz"/></div><div class="z-2 absolute bottom--1"><div class="relative dib" data-id="44391212"><button class="w_hhLG w_8nsR w_jDfj pointer bn sans-serif b ph2 flex items-center justify-center w-auto shadow-1" type="button" data-pcss-hide="true" data-automation-id="add-to-cart" aria-label="Add to cart - Taylor Farms Almonds &amp; Cheese Snack Pack, 6.5 oz"><i class="ld ld-Plus" style="font-size:1.5rem;vertical-align:-0.25em;width:1.5rem;height:1.5rem;box-sizing:content-box" title="add to cart"></i><span class="mr2">Add</span></button></div></div></div><div class="mt5 mb0" style="height:24px" data-testid="variant-44391212"></div><div data-automation-id="product-price" class="flex flex-wrap justify-start items-center lh-title mb1-m"><div class="mr1 mr2-xl b black lh-copy f5 f4-l" aria-hidden="true">$2.97</div><span class="w_iUH7">current price $2.97</span><div class="gray mr1 f7 f6-l">45.7 ¢/oz</div></div><span class=""><span class="w_V_DM" style="-webkit-line-clamp:3;padding-bottom:0em;margin-bottom:-0em"><span data-automation-id="product-title" class="normal dark-gray mb0 mt1 lh-title f6 f5-l">Taylor Farms Almonds &amp; Cheese Snack Pack, 6.5 oz</span></span></span><div class="flex items-center mt2"><span class="black inline-flex mr1"><i class="ld ld-StarFill" style="font-size:12px;vertical-align:-0.175em;width:12px;height:12px;box-sizing:content-box" aria-hidden="true"></i><i class="ld ld-StarFill" style="font-size:12px;vertical-align:-0.175em;width:12px;height:12px;box-sizing:content-box" aria-hidden="true"></i><i class="ld ld-StarFill" style="font-size:12px;vertical-align:-0.175em;width:12px;height:12px;box-sizing:content-box" aria-hidden="true"></i><i class="ld ld-StarHalf" style="font-size:12px;vertical-align:-0.175em;width:12px;height:12px;box-sizing:content-box" aria-hidden="true"></i><i class="ld ld-Star" style="font-size:12px;vertical-align:-0.175em;width:12px;height:12px;box-sizing:content-box" aria-hidden="true"></i></span><span class="sans-serif gray f7" aria-hidden="true">156</span><span class="w_iUH7">3.6 out of 5 Stars. 156 reviews</span></div><div></div><div class="mb2 mt2"><span class="w_iUH7">Available for Pickup or Delivery</span><span class="w_VbBP w_mFV6 w_I_19 w_3oNC w_AAn7 mr1 mt1 ph1" aria-hidden="true">Pickup</span><span class="w_VbBP w_mFV6 w_I_19 w_3oNC w_AAn7 mr1 mt1 ph1" aria-hidden="true">Delivery</span></div></div></li><li class="flex flex-column items-center pa1 pr2 pb2" data-slide="11"><div role="group" data-item-id="47308146" class="sans-serif mid-gray relative flex flex-column w-100 h-100 hide-child-opacity" data-testid="product-tile-11" aria-label="Product"><a link-identifier="47308146" class="absolute w-100 h-100 z-1 hide-sibling-opacity" target="" href="/ip/FRESH-CRAVINGS-Restaurant-Style-Hot-Salsa-16-oz/47308146?athcpid=47308146&amp;athpgid=AthenaContentPage_5306523&amp;athcgid=null&amp;athznid=ItemCarousel_d5119a91-5cfc-4da8-b991-f13f9adf1aa9_items&amp;athieid=v0&amp;athstid=CS020&amp;athguid=RlEjjy3vFDoOKlTIw3pddki_Ijj7yfueE6BV&amp;athancid=null&amp;athena=true"><span class="w_iUH7"><h3>FRESH CRAVINGS Restaurant Style Hot Salsa, 16 oz</h3></span></a><div class="h2 relative mv2"></div><div class="relative"><div class="relative overflow-hidden" style="max-width:226px;height:0;padding-bottom:min(226px, 100%);align-self:center;width:min(226px, 100%)"><img loading="lazy" srcset="https://i5.walmartimages.com/asr/fecde9db-e48c-40b3-b7e9-d47b31753a5b.c6e6bb935facd84ccf139438b00a2348.png?odnHeight=226&amp;odnWidth=226&amp;odnBg=FFFFFF 1x, https://i5.walmartimages.com/asr/fecde9db-e48c-40b3-b7e9-d47b31753a5b.c6e6bb935facd84ccf139438b00a2348.png?odnHeight=576&amp;odnWidth=576&amp;odnBg=FFFFFF 2x" src="https://i5.walmartimages.com/asr/fecde9db-e48c-40b3-b7e9-d47b31753a5b.c6e6bb935facd84ccf139438b00a2348.png?odnHeight=576&amp;odnWidth=576&amp;odnBg=FFFFFF" width="" height="" class="absolute top-0 left-0" data-testid="productTileImage" alt="FRESH CRAVINGS Restaurant Style Hot Salsa, 16 oz"/></div><div class="z-2 absolute bottom--1"><div class="relative dib" data-id="47308146"><button class="w_hhLG w_8nsR w_jDfj pointer bn sans-serif b ph2 flex items-center justify-center w-auto shadow-1" type="button" data-pcss-hide="true" data-automation-id="add-to-cart" aria-label="Add to cart - FRESH CRAVINGS Restaurant Style Hot Salsa, 16 oz"><i class="ld ld-Plus" style="font-size:1.5rem;vertical-align:-0.25em;width:1.5rem;height:1.5rem;box-sizing:content-box" title="add to cart"></i><span class="mr2">Add</span></button></div></div></div><div class="mt5 mb0" style="height:24px" data-testid="variant-47308146"></div><div data-automation-id="product-price" class="flex flex-wrap justify-start items-center lh-title mb1-m"><div class="mr1 mr2-xl b black lh-copy f5 f4-l" aria-hidden="true">$3.43</div><span class="w_iUH7">current price $3.43</span><div class="gray mr1 f7 f6-l">21.4 ¢/oz</div></div><span class=""><span class="w_V_DM" style="-webkit-line-clamp:3;padding-bottom:0em;margin-bottom:-0em"><span data-automation-id="product-title" class="normal dark-gray mb0 mt1 lh-title f6 f5-l">FRESH CRAVINGS Restaurant Style Hot Salsa, 16 oz</span></span></span><div class="flex items-center mt2"><span class="black inline-flex mr1"><i class="ld ld-StarFill" style="font-size:12px;vertical-align:-0.175em;width:12px;height:12px;box-sizing:content-box" aria-hidden="true"></i><i class="ld ld-StarFill" style="font-size:12px;vertical-align:-0.175em;width:12px;height:12px;box-sizing:content-box" aria-hidden="true"></i><i class="ld ld-StarFill" style="font-size:12px;vertical-align:-0.175em;width:12px;height:12px;box-sizing:content-box" aria-hidden="true"></i><i class="ld ld-StarFill" style="font-size:12px;vertical-align:-0.175em;width:12px;height:12px;box-sizing:content-box" aria-hidden="true"></i><i class="ld ld-StarHalf" style="font-size:12px;vertical-align:-0.175em;width:12px;height:12px;box-sizing:content-box" aria-hidden="true"></i></span><span class="sans-serif gray f7" aria-hidden="true">512</span><span class="w_iUH7">4.5 out of 5 Stars. 512 reviews</span></div><div></div><div class="mb2 mt2"><span class="w_iUH7">Available for Pickup or Delivery</span><span class="w_VbBP w_mFV6 w_I_19 w_3oNC w_AAn7 mr1 mt1 ph1" aria-hidden="true">Pickup</span><span class="w_VbBP w_mFV6 w_I_19 w_3oNC w_AAn7 mr1 mt1 ph1" aria-hidden="true">Delivery</span></div></div></li><li class="flex flex-column items-center pa1 pr2 pb2" data-slide="12"><div role="group" data-item-id="682318551" class="sans-serif mid-gray relative flex flex-column w-100 h-100 hide-child-opacity" data-testid="product-tile-12" aria-label="Product"><a link-identifier="682318551" class="absolute w-100 h-100 z-1 hide-sibling-opacity" target="" href="/ip/Freshness-Guaranteed-Seasonal-Fruit-Blend-10-oz/682318551?athcpid=682318551&amp;athpgid=AthenaContentPage_5306523&amp;athcgid=null&amp;athznid=ItemCarousel_d5119a91-5cfc-4da8-b991-f13f9adf1aa9_items&amp;athieid=v0&amp;athstid=CS020&amp;athguid=RlEjjy3vFDoOKlTIw3pddki_Ijj7yfueE6BV&amp;athancid=null&amp;athena=true&amp;athbdg=L1600"><span class="w_iUH7"><h3>Freshness Guaranteed Seasonal Fruit Blend, 10 oz</h3></span></a><div class="h2 relative mv2"><span class="w_VbBP w_mFV6 w_awtt w_3oNC w_3H8O tag-leading-badge absolute">Best seller</span></div><div class="relative"><div class="relative overflow-hidden" style="max-width:226px;height:0;padding-bottom:min(226px, 100%);align-self:center;width:min(226px, 100%)"><img loading="lazy" srcset="https://i5.walmartimages.com/asr/3c8be366-e81a-4a64-b51d-49f5d8b55dad.31f0670d6acc9a1db41e7b7bb5408254.jpeg?odnHeight=226&amp;odnWidth=226&amp;odnBg=FFFFFF 1x, https://i5.walmartimages.com/asr/3c8be366-e81a-4a64-b51d-49f5d8b55dad.31f0670d6acc9a1db41e7b7bb5408254.jpeg?odnHeight=576&amp;odnWidth=576&amp;odnBg=FFFFFF 2x" src="https://i5.walmartimages.com/asr/3c8be366-e81a-4a64-b51d-49f5d8b55dad.31f0670d6acc9a1db41e7b7bb5408254.jpeg?odnHeight=576&amp;odnWidth=576&amp;odnBg=FFFFFF" width="" height="" class="absolute top-0 left-0" data-testid="productTileImage" alt="Freshness Guaranteed Seasonal Fruit Blend, 10 oz"/></div><div class="z-2 absolute bottom--1"><div class="relative dib" data-id="682318551"><button class="w_hhLG w_8nsR w_jDfj pointer bn sans-serif b ph2 flex items-center justify-center w-auto shadow-1" type="button" data-pcss-hide="true" data-automation-id="add-to-cart" aria-label="Add to cart - Freshness Guaranteed Seasonal Fruit Blend, 10 oz"><i class="ld ld-Plus" style="font-size:1.5rem;vertical-align:-0.25em;width:1.5rem;height:1.5rem;box-sizing:content-box" title="add to cart"></i><span class="mr2">Add</span></button></div></div></div><div class="mt5 mb0" style="height:24px" data-testid="variant-682318551"></div><div data-automation-id="product-price" class="flex flex-wrap justify-start items-center lh-title mb1-m"><div class="mr1 mr2-xl b black lh-copy f5 f4-l" aria-hidden="true">$3.47</div><span class="w_iUH7">current price $3.47</span><div class="gray mr1 f7 f6-l">34.7 ¢/oz</div></div><span class=""><span class="w_V_DM" style="-webkit-line-clamp:3;padding-bottom:0em;margin-bottom:-0em"><span data-automation-id="product-title" class="normal dark-gray mb0 mt1 lh-title f6 f5-l">Freshness Guaranteed Seasonal Fruit Blend, 10 oz</span></span></span><div class="flex items-center mt2"><span class="black inline-flex mr1"><i class="ld ld-StarFill" style="font-size:12px;vertical-align:-0.175em;width:12px;height:12px;box-sizing:content-box" aria-hidden="true"></i><i class="ld ld-StarFill" style="font-size:12px;vertical-align:-0.175em;width:12px;height:12px;box-sizing:content-box" aria-hidden="true"></i><i class="ld ld-Star" style="font-size:12px;vertical-align:-0.175em;width:12px;height:12px;box-sizing:content-box" aria-hidden="true"></i><i class="ld ld-Star" style="font-size:12px;vertical-align:-0.175em;width:12px;height:12px;box-sizing:content-box" aria-hidden="true"></i><i class="ld ld-Star" style="font-size:12px;vertical-align:-0.175em;width:12px;height:12px;box-sizing:content-box" aria-hidden="true"></i></span><span class="sans-serif gray f7" aria-hidden="true">275</span><span class="w_iUH7">1.9 out of 5 Stars. 275 reviews</span></div><div></div><div class="mb2 mt2"><span class="w_iUH7">Available for Pickup or Delivery</span><span class="w_VbBP w_mFV6 w_I_19 w_3oNC w_AAn7 mr1 mt1 ph1" aria-hidden="true">Pickup</span><span class="w_VbBP w_mFV6 w_I_19 w_3oNC w_AAn7 mr1 mt1 ph1" aria-hidden="true">Delivery</span></div></div></li><li class="flex flex-column items-center pa1 pr2 pb2" data-slide="13"><div role="group" data-item-id="692158171" class="sans-serif mid-gray relative flex flex-column w-100 h-100 hide-child-opacity" data-testid="product-tile-13" aria-label="Product"><a link-identifier="692158171" class="absolute w-100 h-100 z-1 hide-sibling-opacity" target="" href="/ip/Taylor-Farms-Turkey-Cheddar-Snack-Pack-6-oz/692158171?athcpid=692158171&amp;athpgid=AthenaContentPage_5306523&amp;athcgid=null&amp;athznid=ItemCarousel_d5119a91-5cfc-4da8-b991-f13f9adf1aa9_items&amp;athieid=v0&amp;athstid=CS020&amp;athguid=RlEjjy3vFDoOKlTIw3pddki_Ijj7yfueE6BV&amp;athancid=null&amp;athena=true&amp;athbdg=L1600"><span class="w_iUH7"><h3>Taylor Farms Turkey &amp; Cheddar Snack Pack, 6 oz</h3></span></a><div class="h2 relative mv2"><span class="w_VbBP w_mFV6 w_awtt w_3oNC w_3H8O tag-leading-badge absolute">Best seller</span></div><div class="relative"><div class="relative overflow-hidden" style="max-width:226px;height:0;padding-bottom:min(226px, 100%);align-self:center;width:min(226px, 100%)"><img loading="lazy" srcset="https://i5.walmartimages.com/asr/67af6125-1a6f-440d-b398-fcd2424438d8.7d06ae127459b98782359e5ac1ee2007.jpeg?odnHeight=226&amp;odnWidth=226&amp;odnBg=FFFFFF 1x, https://i5.walmartimages.com/asr/67af6125-1a6f-440d-b398-fcd2424438d8.7d06ae127459b98782359e5ac1ee2007.jpeg?odnHeight=576&amp;odnWidth=576&amp;odnBg=FFFFFF 2x" src="https://i5.walmartimages.com/asr/67af6125-1a6f-440d-b398-fcd2424438d8.7d06ae127459b98782359e5ac1ee2007.jpeg?odnHeight=576&amp;odnWidth=576&amp;odnBg=FFFFFF" width="" height="" class="absolute top-0 left-0" data-testid="productTileImage" alt="Taylor Farms Turkey &amp; Cheddar Snack Pack, 6 oz"/></div><div class="z-2 absolute bottom--1"><div class="relative dib" data-id="692158171"><button class="w_hhLG w_8nsR w_jDfj pointer bn sans-serif b ph2 flex items-center justify-center w-auto shadow-1" type="button" data-pcss-hide="true" data-automation-id="add-to-cart" aria-label="Add to cart - Taylor Farms Turkey &amp; Cheddar Snack Pack, 6 oz"><i class="ld ld-Plus" style="font-size:1.5rem;vertical-align:-0.25em;width:1.5rem;height:1.5rem;box-sizing:content-box" title="add to cart"></i><span class="mr2">Add</span></button></div></div></div><div class="mt5 mb0" style="height:24px" data-testid="variant-692158171"></div><div data-automation-id="product-price" class="flex flex-wrap justify-start items-center lh-title mb1-m"><div class="mr1 mr2-xl b black lh-copy f5 f4-l" aria-hidden="true">$2.97</div><span class="w_iUH7">current price $2.97</span><div class="gray mr1 f7 f6-l">49.5 ¢/oz</div></div><span class=""><span class="w_V_DM" style="-webkit-line-clamp:3;padding-bottom:0em;margin-bottom:-0em"><span data-automation-id="product-title" class="normal dark-gray mb0 mt1 lh-title f6 f5-l">Taylor Farms Turkey &amp; Cheddar Snack Pack, 6 oz</span></span></span><div class="flex items-center mt2"><span class="black inline-flex mr1"><i class="ld ld-StarFill" style="font-size:12px;vertical-align:-0.175em;width:12px;height:12px;box-sizing:content-box" aria-hidden="true"></i><i class="ld ld-StarFill" style="font-size:12px;vertical-align:-0.175em;width:12px;height:12px;box-sizing:content-box" aria-hidden="true"></i><i class="ld ld-StarHalf" style="font-size:12px;vertical-align:-0.175em;width:12px;height:12px;box-sizing:content-box" aria-hidden="true"></i><i class="ld ld-Star" style="font-size:12px;vertical-align:-0.175em;width:12px;height:12px;box-sizing:content-box" aria-hidden="true"></i><i class="ld ld-Star" style="font-size:12px;vertical-align:-0.175em;width:12px;height:12px;box-sizing:content-box" aria-hidden="true"></i></span><span class="sans-serif gray f7" aria-hidden="true">117</span><span class="w_iUH7">2.7 out of 5 Stars. 117 reviews</span></div><div></div><div class="mb2 mt2"><span class="w_iUH7">Available for Pickup or Delivery</span><span class="w_VbBP w_mFV6 w_I_19 w_3oNC w_AAn7 mr1 mt1 ph1" aria-hidden="true">Pickup</span><span class="w_VbBP w_mFV6 w_I_19 w_3oNC w_AAn7 mr1 mt1 ph1" aria-hidden="true">Delivery</span></div></div></li></ul><a link-identifier="horizontalScrollerNext" class="absolute dn z-5 bg-white br-100 pa0 pointer db-l br-100 nav-control right-1" aria-label="Next slide for Product Carousel list" data-testid="horizontal-scroller-next" role="button"><i class="ld ld-ChevronRight" style="font-size:1.5rem;vertical-align:-0.25em;padding:12px;width:1.5rem;height:1.5rem;box-sizing:content-box"></i></a></div></section></section></div> <div class="mv3 mv4-xl ml3 ml0-l bb b--near-white"><section><section><header class="flex justify-between mb3 mb2-m pr3 pr4-m pr0-xl items-baseline"><section style="flex:1"><div><div><div class="inline-flex "><h2 class="f4 f3-m lh-title ma0 ">Healthy fuel for kids</h2></div></div></div></section><a link-identifier="View all " class="black f6" href="/browse/kid-approved-snacks/0/0?_refineresult=true&amp;_be_shelf_id=5716497&amp;search_sort=100&amp;facet=shelf_id%3A5716497">View all </a></header><div class="flex flex-column justify-center relative" data-testid="horizontal-scroller-Product Carousel"><a link-identifier="horizontalScrollerPrevious" class="absolute dn z-5 bg-white br-100 pa0 pointer hidden-child br-100 nav-control left-1" aria-label="Previous slide for Product Carousel list" data-testid="horizontal-scroller-previous" role="button"><i class="ld ld-ChevronLeft" style="font-size:1.5rem;vertical-align:-0.25em;padding:12px;width:1.5rem;height:1.5rem;box-sizing:content-box"></i></a><ul style="display:grid;grid-auto-flow:column;scroll-snap-type:x mandatory;max-height:fit-content" class="list ma0 pl0 overflow-x-scroll hidesb hidesb-wk relative overflow-y-hidden carousel-peek-2 carousel-6-l carousel-3-m pr3-m" data-testid="carousel-container"><li class="flex flex-column items-center pa1 pr2 pb2" data-slide="0"><div role="group" data-item-id="44390958" class="sans-serif mid-gray relative flex flex-column w-100 h-100 hide-child-opacity" data-testid="product-tile-0" aria-label="Product"><a link-identifier="44390958" class="absolute w-100 h-100 z-1 hide-sibling-opacity" target="" href="/ip/Fresh-Gala-Apples-3-lb-Bag/44390958?athcpid=44390958&amp;athpgid=AthenaContentPage_5306523&amp;athcgid=null&amp;athznid=ItemCarousel_e0b565db-25fa-4434-8ad9-3d294102f972_items&amp;athieid=v0&amp;athstid=CS020&amp;athguid=RlEjjy3vFDoOKlTIw3pddki_Ijj7yfueE6BV&amp;athancid=null&amp;athena=true&amp;athbdg=L1600"><span class="w_iUH7"><h3>Fresh Gala Apples, 3 lb Bag</h3></span></a><div class="h2 relative mv2"><span class="w_VbBP w_mFV6 w_awtt w_3oNC w_3H8O tag-leading-badge absolute">Best seller</span></div><div class="relative"><div class="relative overflow-hidden" style="max-width:226px;height:0;padding-bottom:min(226px, 100%);align-self:center;width:min(226px, 100%)"><img loading="lazy" srcset="https://i5.walmartimages.com/asr/eebbaadc-2ca6-4e25-a2c0-c189d4871fea.bcbe9a9c422a1443b7037548bb2c54c3.jpeg?odnHeight=226&amp;odnWidth=226&amp;odnBg=FFFFFF 1x, https://i5.walmartimages.com/asr/eebbaadc-2ca6-4e25-a2c0-c189d4871fea.bcbe9a9c422a1443b7037548bb2c54c3.jpeg?odnHeight=576&amp;odnWidth=576&amp;odnBg=FFFFFF 2x" src="https://i5.walmartimages.com/asr/eebbaadc-2ca6-4e25-a2c0-c189d4871fea.bcbe9a9c422a1443b7037548bb2c54c3.jpeg?odnHeight=576&amp;odnWidth=576&amp;odnBg=FFFFFF" width="" height="" class="absolute top-0 left-0" data-testid="productTileImage" alt="Fresh Gala Apples, 3 lb Bag"/></div><div class="z-2 absolute bottom--1"><div class="relative dib" data-id="44390958"><button class="w_hhLG w_8nsR w_jDfj pointer bn sans-serif b ph2 flex items-center justify-center w-auto shadow-1" type="button" data-pcss-hide="true" data-automation-id="add-to-cart" aria-label="Add to cart - Fresh Gala Apples, 3 lb Bag"><i class="ld ld-Plus" style="font-size:1.5rem;vertical-align:-0.25em;width:1.5rem;height:1.5rem;box-sizing:content-box" title="add to cart"></i><span class="mr2">Add</span></button></div></div></div><div class="mt5 mb0" style="height:24px" data-testid="variant-44390958"></div><div data-automation-id="product-price" class="flex flex-wrap justify-start items-center lh-title mb1-m"><div class="mr1 mr2-xl b black green lh-copy f5 f4-l" aria-hidden="true">Now $3.46</div><span class="w_iUH7">current price Now $3.46</span><div class="gray mr1 strike f7 f6-l" aria-hidden="true">$4.48</div><span class="w_iUH7">Was $4.48</span><div class="gray mr1 f7 f6-l">$1.15/lb</div></div><span class=""><span class="w_V_DM" style="-webkit-line-clamp:3;padding-bottom:0em;margin-bottom:-0em"><span data-automation-id="product-title" class="normal dark-gray mb0 mt1 lh-title f6 f5-l">Fresh Gala Apples, 3 lb Bag</span></span></span><div class="flex items-center mt2"><span class="black inline-flex mr1"><i class="ld ld-StarFill" style="font-size:12px;vertical-align:-0.175em;width:12px;height:12px;box-sizing:content-box" aria-hidden="true"></i><i class="ld ld-StarFill" style="font-size:12px;vertical-align:-0.175em;width:12px;height:12px;box-sizing:content-box" aria-hidden="true"></i><i class="ld ld-Star" style="font-size:12px;vertical-align:-0.175em;width:12px;height:12px;box-sizing:content-box" aria-hidden="true"></i><i class="ld ld-Star" style="font-size:12px;vertical-align:-0.175em;width:12px;height:12px;box-sizing:content-box" aria-hidden="true"></i><i class="ld ld-Star" style="font-size:12px;vertical-align:-0.175em;width:12px;height:12px;box-sizing:content-box" aria-hidden="true"></i></span><span class="sans-serif gray f7" aria-hidden="true">1031</span><span class="w_iUH7">2.2 out of 5 Stars. 1031 reviews</span></div><div></div><div class="mb2 mt2"><span class="w_iUH7">Available for Pickup or Delivery</span><span class="w_VbBP w_mFV6 w_I_19 w_3oNC w_AAn7 mr1 mt1 ph1" aria-hidden="true">Pickup</span><span class="w_VbBP w_mFV6 w_I_19 w_3oNC w_AAn7 mr1 mt1 ph1" aria-hidden="true">Delivery</span></div></div></li><li class="flex flex-column items-center pa1 pr2 pb2" data-slide="1"><div role="group" data-item-id="51259338" class="sans-serif mid-gray relative flex flex-column w-100 h-100 hide-child-opacity" data-testid="product-tile-1" aria-label="Product"><a link-identifier="51259338" class="absolute w-100 h-100 z-1 hide-sibling-opacity" target="" href="/ip/Marketside-Fresh-Organic-Bananas-Bunch/51259338?athcpid=51259338&amp;athpgid=AthenaContentPage_5306523&amp;athcgid=null&amp;athznid=ItemCarousel_e0b565db-25fa-4434-8ad9-3d294102f972_items&amp;athieid=v0&amp;athstid=CS020&amp;athguid=RlEjjy3vFDoOKlTIw3pddki_Ijj7yfueE6BV&amp;athancid=null&amp;athena=true&amp;athbdg=L1600"><span class="w_iUH7"><h3>Marketside Fresh Organic Bananas, Bunch</h3></span></a><div class="h2 relative mv2"><span class="w_VbBP w_mFV6 w_awtt w_3oNC w_3H8O tag-leading-badge absolute">Best seller</span></div><div class="relative"><div class="relative overflow-hidden" style="max-width:226px;height:0;padding-bottom:min(226px, 100%);align-self:center;width:min(226px, 100%)"><img loading="lazy" srcset="https://i5.walmartimages.com/asr/4b15d1c6-03e7-489b-96cb-7d4b1edeb927.042464e5bc52fa0421f255d04ec525a4.jpeg?odnHeight=226&amp;odnWidth=226&amp;odnBg=FFFFFF 1x, https://i5.walmartimages.com/asr/4b15d1c6-03e7-489b-96cb-7d4b1edeb927.042464e5bc52fa0421f255d04ec525a4.jpeg?odnHeight=576&amp;odnWidth=576&amp;odnBg=FFFFFF 2x" src="https://i5.walmartimages.com/asr/4b15d1c6-03e7-489b-96cb-7d4b1edeb927.042464e5bc52fa0421f255d04ec525a4.jpeg?odnHeight=576&amp;odnWidth=576&amp;odnBg=FFFFFF" width="" height="" class="absolute top-0 left-0" data-testid="productTileImage" alt="Marketside Fresh Organic Bananas, Bunch"/></div><div class="z-2 absolute bottom--1"><div class="relative dib" data-id="51259338"><button class="w_hhLG w_8nsR w_jDfj pointer bn sans-serif b ph2 flex items-center justify-center w-auto shadow-1" type="button" data-pcss-hide="true" data-automation-id="add-to-cart" aria-label="Add to cart - Marketside Fresh Organic Bananas, Bunch"><i class="ld ld-Plus" style="font-size:1.5rem;vertical-align:-0.25em;width:1.5rem;height:1.5rem;box-sizing:content-box" title="add to cart"></i><span class="mr2">Add</span></button></div></div></div><div class="mt5 mb0" style="height:24px" data-testid="variant-51259338"></div><div data-automation-id="product-price" class="flex flex-wrap justify-start items-center lh-title mb1-m"><div class="mr1 mr2-xl b black lh-copy f5 f4-l" aria-hidden="true">$1.88</div><span class="w_iUH7">current price $1.88</span><div class="gray f7 f6-l"><span class="mr3">each<!-- --> </span></div><div class="gray mr1 f7 f6-l">67.0 ¢/lb</div></div><span class=""><span class="w_V_DM" style="-webkit-line-clamp:3;padding-bottom:0em;margin-bottom:-0em"><span data-automation-id="product-title" class="normal dark-gray mb0 mt1 lh-title f6 f5-l">Marketside Fresh Organic Bananas, Bunch</span></span></span><div></div><div class="mb2 mt2"><span class="w_iUH7">Available for Pickup or Delivery</span><span class="w_VbBP w_mFV6 w_I_19 w_3oNC w_AAn7 mr1 mt1 ph1" aria-hidden="true">Pickup</span><span class="w_VbBP w_mFV6 w_I_19 w_3oNC w_AAn7 mr1 mt1 ph1" aria-hidden="true">Delivery</span></div></div></li><li class="flex flex-column items-center pa1 pr2 pb2" data-slide="2"><div role="group" data-item-id="11025598" class="sans-serif mid-gray relative flex flex-column w-100 h-100 hide-child-opacity" data-testid="product-tile-2" aria-label="Product"><a link-identifier="11025598" class="absolute w-100 h-100 z-1 hide-sibling-opacity" target="" href="/ip/Fresh-Clementines-3-lb-Bag/11025598?athcpid=11025598&amp;athpgid=AthenaContentPage_5306523&amp;athcgid=null&amp;athznid=ItemCarousel_e0b565db-25fa-4434-8ad9-3d294102f972_items&amp;athieid=v0&amp;athstid=CS020&amp;athguid=RlEjjy3vFDoOKlTIw3pddki_Ijj7yfueE6BV&amp;athancid=null&amp;athena=true&amp;athbdg=L1600"><span class="w_iUH7"><h3>Fresh Clementines, 3 lb Bag</h3></span></a><div class="h2 relative mv2"><span class="w_VbBP w_mFV6 w_awtt w_3oNC w_3H8O tag-leading-badge absolute">Best seller</span></div><div class="relative"><div class="relative overflow-hidden" style="max-width:226px;height:0;padding-bottom:min(226px, 100%);align-self:center;width:min(226px, 100%)"><img loading="lazy" srcset="https://i5.walmartimages.com/asr/5239bd74-c85d-4d08-b8da-c3bc7ef938c8.52a18c9d52147dd9c6402004a243dddd.jpeg?odnHeight=226&amp;odnWidth=226&amp;odnBg=FFFFFF 1x, https://i5.walmartimages.com/asr/5239bd74-c85d-4d08-b8da-c3bc7ef938c8.52a18c9d52147dd9c6402004a243dddd.jpeg?odnHeight=576&amp;odnWidth=576&amp;odnBg=FFFFFF 2x" src="https://i5.walmartimages.com/asr/5239bd74-c85d-4d08-b8da-c3bc7ef938c8.52a18c9d52147dd9c6402004a243dddd.jpeg?odnHeight=576&amp;odnWidth=576&amp;odnBg=FFFFFF" width="" height="" class="absolute top-0 left-0" data-testid="productTileImage" alt="Fresh Clementines, 3 lb Bag"/></div><div class="z-2 absolute bottom--1"><div class="relative dib" data-id="11025598"><button class="w_hhLG w_8nsR w_jDfj pointer bn sans-serif b ph2 flex items-center justify-center w-auto shadow-1" type="button" data-pcss-hide="true" data-automation-id="add-to-cart" aria-label="Add to cart - Fresh Clementines, 3 lb Bag"><i class="ld ld-Plus" style="font-size:1.5rem;vertical-align:-0.25em;width:1.5rem;height:1.5rem;box-sizing:content-box" title="add to cart"></i><span class="mr2">Add</span></button></div></div></div><div class="mt5 mb0" style="height:24px" data-testid="variant-11025598"></div><div data-automation-id="product-price" class="flex flex-wrap justify-start items-center lh-title mb1-m"><div class="mr1 mr2-xl b black green lh-copy f5 f4-l" aria-hidden="true">Now $3.97</div><span class="w_iUH7">current price Now $3.97</span><div class="gray mr1 strike f7 f6-l" aria-hidden="true">$4.97</div><span class="w_iUH7">Was $4.97</span><div class="gray mr1 f7 f6-l">$1.32/lb</div></div><span class=""><span class="w_V_DM" style="-webkit-line-clamp:3;padding-bottom:0em;margin-bottom:-0em"><span data-automation-id="product-title" class="normal dark-gray mb0 mt1 lh-title f6 f5-l">Fresh Clementines, 3 lb Bag</span></span></span><div class="flex items-center mt2"><span class="black inline-flex mr1"><i class="ld ld-StarFill" style="font-size:12px;vertical-align:-0.175em;width:12px;height:12px;box-sizing:content-box" aria-hidden="true"></i><i class="ld ld-StarHalf" style="font-size:12px;vertical-align:-0.175em;width:12px;height:12px;box-sizing:content-box" aria-hidden="true"></i><i class="ld ld-Star" style="font-size:12px;vertical-align:-0.175em;width:12px;height:12px;box-sizing:content-box" aria-hidden="true"></i><i class="ld ld-Star" style="font-size:12px;vertical-align:-0.175em;width:12px;height:12px;box-sizing:content-box" aria-hidden="true"></i><i class="ld ld-Star" style="font-size:12px;vertical-align:-0.175em;width:12px;height:12px;box-sizing:content-box" aria-hidden="true"></i></span><span class="sans-serif gray f7" aria-hidden="true">2307</span><span class="w_iUH7">1.6 out of 5 Stars. 2307 reviews</span></div><div></div><div class="mb2 mt2"><span class="w_iUH7">Available for Pickup or Delivery</span><span class="w_VbBP w_mFV6 w_I_19 w_3oNC w_AAn7 mr1 mt1 ph1" aria-hidden="true">Pickup</span><span class="w_VbBP w_mFV6 w_I_19 w_3oNC w_AAn7 mr1 mt1 ph1" aria-hidden="true">Delivery</span></div></div></li><li class="flex flex-column items-center pa1 pr2 pb2" data-slide="3"><div role="group" data-item-id="44390943" class="sans-serif mid-gray relative flex flex-column w-100 h-100 hide-child-opacity" data-testid="product-tile-3" aria-label="Product"><a link-identifier="44390943" class="absolute w-100 h-100 z-1 hide-sibling-opacity" target="" href="/ip/Fresh-Green-Seedless-Grapes-Bag-2-25-lbs-bag-est/44390943?athcpid=44390943&amp;athpgid=AthenaContentPage_5306523&amp;athcgid=null&amp;athznid=ItemCarousel_e0b565db-25fa-4434-8ad9-3d294102f972_items&amp;athieid=v0&amp;athstid=CS020&amp;athguid=RlEjjy3vFDoOKlTIw3pddki_Ijj7yfueE6BV&amp;athancid=null&amp;athena=true&amp;athbdg=L1600"><span class="w_iUH7"><h3>Fresh Green Seedless Grapes, Bag (2.25 lbs/bag est.)</h3></span></a><div class="h2 relative mv2"><span class="w_VbBP w_mFV6 w_awtt w_3oNC w_3H8O tag-leading-badge absolute">Best seller</span></div><div class="relative"><div class="relative overflow-hidden" style="max-width:226px;height:0;padding-bottom:min(226px, 100%);align-self:center;width:min(226px, 100%)"><img loading="lazy" srcset="https://i5.walmartimages.com/asr/9b543e57-d12c-4b2f-af70-cbfc8166dce1.19eafb20170233f7df74f7a6c5ff5530.jpeg?odnHeight=226&amp;odnWidth=226&amp;odnBg=FFFFFF 1x, https://i5.walmartimages.com/asr/9b543e57-d12c-4b2f-af70-cbfc8166dce1.19eafb20170233f7df74f7a6c5ff5530.jpeg?odnHeight=576&amp;odnWidth=576&amp;odnBg=FFFFFF 2x" src="https://i5.walmartimages.com/asr/9b543e57-d12c-4b2f-af70-cbfc8166dce1.19eafb20170233f7df74f7a6c5ff5530.jpeg?odnHeight=576&amp;odnWidth=576&amp;odnBg=FFFFFF" width="" height="" class="absolute top-0 left-0" data-testid="productTileImage" alt="Fresh Green Seedless Grapes, Bag (2.25 lbs/bag est.)"/></div><div class="z-2 absolute bottom--1"><div class="relative dib" data-id="44390943"><button class="w_hhLG w_8nsR w_jDfj pointer bn sans-serif b ph2 flex items-center justify-center w-auto shadow-1" type="button" data-pcss-hide="true" data-automation-id="add-to-cart" aria-label="Add to cart - Fresh Green Seedless Grapes, Bag (2.25 lbs/bag est.)"><i class="ld ld-Plus" style="font-size:1.5rem;vertical-align:-0.25em;width:1.5rem;height:1.5rem;box-sizing:content-box" title="add to cart"></i><span class="mr2">Add</span></button></div></div></div><div class="mt5 mb0" style="height:24px" data-testid="variant-44390943"></div><div data-automation-id="product-price" class="flex flex-wrap justify-start items-center lh-title mb1-m"><div class="mr1 mr2-xl b black lh-copy f5 f4-l" aria-hidden="true">$4.91</div><span class="w_iUH7">current price $4.91</span><div class="gray f7 f6-l"><span class="mr3">each<!-- --> </span></div><div class="gray mr1 f7 f6-l">$2.18/lb</div></div><span class=""><span class="w_V_DM" style="-webkit-line-clamp:3;padding-bottom:0em;margin-bottom:-0em"><span data-automation-id="product-title" class="normal dark-gray mb0 mt1 lh-title f6 f5-l">Fresh Green Seedless Grapes, Bag (2.25 lbs/bag est.)</span></span></span><div class="flex items-center mt2"><span class="black inline-flex mr1"><i class="ld ld-StarFill" style="font-size:12px;vertical-align:-0.175em;width:12px;height:12px;box-sizing:content-box" aria-hidden="true"></i><i class="ld ld-StarHalf" style="font-size:12px;vertical-align:-0.175em;width:12px;height:12px;box-sizing:content-box" aria-hidden="true"></i><i class="ld ld-Star" style="font-size:12px;vertical-align:-0.175em;width:12px;height:12px;box-sizing:content-box" aria-hidden="true"></i><i class="ld ld-Star" style="font-size:12px;vertical-align:-0.175em;width:12px;height:12px;box-sizing:content-box" aria-hidden="true"></i><i class="ld ld-Star" style="font-size:12px;vertical-align:-0.175em;width:12px;height:12px;box-sizing:content-box" aria-hidden="true"></i></span><span class="sans-serif gray f7" aria-hidden="true">3939</span><span class="w_iUH7">1.6 out of 5 Stars. 3939 reviews</span></div><div></div><div class="mb2 mt2"><span class="w_iUH7">Available for Pickup or Delivery</span><span class="w_VbBP w_mFV6 w_I_19 w_3oNC w_AAn7 mr1 mt1 ph1" aria-hidden="true">Pickup</span><span class="w_VbBP w_mFV6 w_I_19 w_3oNC w_AAn7 mr1 mt1 ph1" aria-hidden="true">Delivery</span></div></div></li><li class="flex flex-column items-center pa1 pr2 pb2" data-slide="4"><div role="group" data-item-id="44391605" class="sans-serif mid-gray relative flex flex-column w-100 h-100 hide-child-opacity" data-testid="product-tile-4" aria-label="Product"><a link-identifier="44391605" class="absolute w-100 h-100 z-1 hide-sibling-opacity" target="" href="/ip/Fresh-Strawberries-1-lb-Package/44391605?athcpid=44391605&amp;athpgid=AthenaContentPage_5306523&amp;athcgid=null&amp;athznid=ItemCarousel_e0b565db-25fa-4434-8ad9-3d294102f972_items&amp;athieid=v0&amp;athstid=CS020&amp;athguid=RlEjjy3vFDoOKlTIw3pddki_Ijj7yfueE6BV&amp;athancid=null&amp;athena=true&amp;athbdg=L1600"><span class="w_iUH7"><h3>Fresh Strawberries, 1 lb Package</h3></span></a><div class="h2 relative mv2"><span class="w_VbBP w_mFV6 w_awtt w_3oNC w_3H8O tag-leading-badge absolute">Best seller</span></div><div class="relative"><div class="relative overflow-hidden" style="max-width:226px;height:0;padding-bottom:min(226px, 100%);align-self:center;width:min(226px, 100%)"><img loading="lazy" srcset="https://i5.walmartimages.com/asr/4e7dab6a-c54b-48f7-9bd2-57f5d211501d_1.3ba50bfdf1c7f082056c0f5022edf182.jpeg?odnHeight=226&amp;odnWidth=226&amp;odnBg=FFFFFF 1x, https://i5.walmartimages.com/asr/4e7dab6a-c54b-48f7-9bd2-57f5d211501d_1.3ba50bfdf1c7f082056c0f5022edf182.jpeg?odnHeight=576&amp;odnWidth=576&amp;odnBg=FFFFFF 2x" src="https://i5.walmartimages.com/asr/4e7dab6a-c54b-48f7-9bd2-57f5d211501d_1.3ba50bfdf1c7f082056c0f5022edf182.jpeg?odnHeight=576&amp;odnWidth=576&amp;odnBg=FFFFFF" width="" height="" class="absolute top-0 left-0" data-testid="productTileImage" alt="Fresh Strawberries, 1 lb Package"/></div><div class="z-2 absolute bottom--1"><div class="relative dib" data-id="44391605"><button class="w_hhLG w_8nsR w_jDfj pointer bn sans-serif b ph2 flex items-center justify-center w-auto shadow-1" type="button" data-pcss-hide="true" data-automation-id="add-to-cart" aria-label="Add to cart - Fresh Strawberries, 1 lb Package"><i class="ld ld-Plus" style="font-size:1.5rem;vertical-align:-0.25em;width:1.5rem;height:1.5rem;box-sizing:content-box" title="add to cart"></i><span class="mr2">Add</span></button></div></div></div><div class="mt5 mb0" style="height:24px" data-testid="variant-44391605"></div><div data-automation-id="product-price" class="flex flex-wrap justify-start items-center lh-title mb1-m"><div class="mr1 mr2-xl b black lh-copy f5 f4-l" aria-hidden="true">$4.12</div><span class="w_iUH7">current price $4.12</span><div class="gray mr1 f7 f6-l">25.8 ¢/oz</div></div><span class=""><span class="w_V_DM" style="-webkit-line-clamp:3;padding-bottom:0em;margin-bottom:-0em"><span data-automation-id="product-title" class="normal dark-gray mb0 mt1 lh-title f6 f5-l">Fresh Strawberries, 1 lb Package</span></span></span><div class="flex items-center mt2"><span class="black inline-flex mr1"><i class="ld ld-StarFill" style="font-size:12px;vertical-align:-0.175em;width:12px;height:12px;box-sizing:content-box" aria-hidden="true"></i><i class="ld ld-StarFill" style="font-size:12px;vertical-align:-0.175em;width:12px;height:12px;box-sizing:content-box" aria-hidden="true"></i><i class="ld ld-Star" style="font-size:12px;vertical-align:-0.175em;width:12px;height:12px;box-sizing:content-box" aria-hidden="true"></i><i class="ld ld-Star" style="font-size:12px;vertical-align:-0.175em;width:12px;height:12px;box-sizing:content-box" aria-hidden="true"></i><i class="ld ld-Star" style="font-size:12px;vertical-align:-0.175em;width:12px;height:12px;box-sizing:content-box" aria-hidden="true"></i></span><span class="sans-serif gray f7" aria-hidden="true">9264</span><span class="w_iUH7">1.9 out of 5 Stars. 9264 reviews</span></div><div></div><div class="mb2 mt2"><span class="w_iUH7">Available for Pickup or Delivery</span><span class="w_VbBP w_mFV6 w_I_19 w_3oNC w_AAn7 mr1 mt1 ph1" aria-hidden="true">Pickup</span><span class="w_VbBP w_mFV6 w_I_19 w_3oNC w_AAn7 mr1 mt1 ph1" aria-hidden="true">Delivery</span></div></div></li><li class="flex flex-column items-center pa1 pr2 pb2" data-slide="5"><div role="group" data-item-id="52351734" class="sans-serif mid-gray relative flex flex-column w-100 h-100 hide-child-opacity" data-testid="product-tile-5" aria-label="Product"><a link-identifier="52351734" class="absolute w-100 h-100 z-1 hide-sibling-opacity" target="" href="/ip/Freshness-Guaranteed-Peeled-Apple-Slices-32-oz/52351734?athcpid=52351734&amp;athpgid=AthenaContentPage_5306523&amp;athcgid=null&amp;athznid=ItemCarousel_e0b565db-25fa-4434-8ad9-3d294102f972_items&amp;athieid=v0&amp;athstid=CS020&amp;athguid=RlEjjy3vFDoOKlTIw3pddki_Ijj7yfueE6BV&amp;athancid=null&amp;athena=true"><span class="w_iUH7"><h3>Freshness Guaranteed Peeled Apple Slices, 32 oz</h3></span></a><div class="h2 relative mv2"></div><div class="relative"><div class="relative overflow-hidden" style="max-width:226px;height:0;padding-bottom:min(226px, 100%);align-self:center;width:min(226px, 100%)"><img loading="lazy" srcset="https://i5.walmartimages.com/asr/e5abdac1-853a-4c80-b50b-6e18c7480eeb.39e48de024469adc752796d53a4c9772.jpeg?odnHeight=226&amp;odnWidth=226&amp;odnBg=FFFFFF 1x, https://i5.walmartimages.com/asr/e5abdac1-853a-4c80-b50b-6e18c7480eeb.39e48de024469adc752796d53a4c9772.jpeg?odnHeight=576&amp;odnWidth=576&amp;odnBg=FFFFFF 2x" src="https://i5.walmartimages.com/asr/e5abdac1-853a-4c80-b50b-6e18c7480eeb.39e48de024469adc752796d53a4c9772.jpeg?odnHeight=576&amp;odnWidth=576&amp;odnBg=FFFFFF" width="" height="" class="absolute top-0 left-0" data-testid="productTileImage" alt="Freshness Guaranteed Peeled Apple Slices, 32 oz"/></div><div class="z-2 absolute bottom--1"><div class="relative dib" data-id="52351734"><button class="w_hhLG w_8nsR w_jDfj pointer bn sans-serif b ph2 flex items-center justify-center w-auto shadow-1" type="button" data-pcss-hide="true" data-automation-id="add-to-cart" aria-label="Add to cart - Freshness Guaranteed Peeled Apple Slices, 32 oz"><i class="ld ld-Plus" style="font-size:1.5rem;vertical-align:-0.25em;width:1.5rem;height:1.5rem;box-sizing:content-box" title="add to cart"></i><span class="mr2">Add</span></button></div></div></div><div class="mt5 mb0" style="height:24px" data-testid="variant-52351734"></div><div data-automation-id="product-price" class="flex flex-wrap justify-start items-center lh-title mb1-m"><div class="mr1 mr2-xl b black lh-copy f5 f4-l" aria-hidden="true">$5.97</div><span class="w_iUH7">current price $5.97</span><div class="gray mr1 f7 f6-l">18.7 ¢/oz</div></div><span class=""><span class="w_V_DM" style="-webkit-line-clamp:3;padding-bottom:0em;margin-bottom:-0em"><span data-automation-id="product-title" class="normal dark-gray mb0 mt1 lh-title f6 f5-l">Freshness Guaranteed Peeled Apple Slices, 32 oz</span></span></span><div class="flex items-center mt2"><span class="black inline-flex mr1"><i class="ld ld-StarFill" style="font-size:12px;vertical-align:-0.175em;width:12px;height:12px;box-sizing:content-box" aria-hidden="true"></i><i class="ld ld-StarFill" style="font-size:12px;vertical-align:-0.175em;width:12px;height:12px;box-sizing:content-box" aria-hidden="true"></i><i class="ld ld-Star" style="font-size:12px;vertical-align:-0.175em;width:12px;height:12px;box-sizing:content-box" aria-hidden="true"></i><i class="ld ld-Star" style="font-size:12px;vertical-align:-0.175em;width:12px;height:12px;box-sizing:content-box" aria-hidden="true"></i><i class="ld ld-Star" style="font-size:12px;vertical-align:-0.175em;width:12px;height:12px;box-sizing:content-box" aria-hidden="true"></i></span><span class="sans-serif gray f7" aria-hidden="true">80</span><span class="w_iUH7">1.9 out of 5 Stars. 80 reviews</span></div><div></div><div class="mb2 mt2"><span class="w_iUH7">Available for Pickup or Delivery</span><span class="w_VbBP w_mFV6 w_I_19 w_3oNC w_AAn7 mr1 mt1 ph1" aria-hidden="true">Pickup</span><span class="w_VbBP w_mFV6 w_I_19 w_3oNC w_AAn7 mr1 mt1 ph1" aria-hidden="true">Delivery</span></div></div></li><li class="flex flex-column items-center pa1 pr2 pb2" data-slide="6"><div role="group" data-item-id="22211145" class="sans-serif mid-gray relative flex flex-column w-100 h-100 hide-child-opacity" data-testid="product-tile-6" aria-label="Product"><a link-identifier="22211145" class="absolute w-100 h-100 z-1 hide-sibling-opacity" target="" href="/ip/WHOLLY-Guacamole-Spicy-Minis-6/22211145?athcpid=22211145&amp;athpgid=AthenaContentPage_5306523&amp;athcgid=null&amp;athznid=ItemCarousel_e0b565db-25fa-4434-8ad9-3d294102f972_items&amp;athieid=v0&amp;athstid=CS020&amp;athguid=RlEjjy3vFDoOKlTIw3pddki_Ijj7yfueE6BV&amp;athancid=null&amp;athena=true"><span class="w_iUH7"><h3>WHOLLY Guacamole Spicy Minis 6</h3></span></a><div class="h2 relative mv2"></div><div class="relative"><div class="relative overflow-hidden" style="max-width:226px;height:0;padding-bottom:min(226px, 100%);align-self:center;width:min(226px, 100%)"><img loading="lazy" srcset="https://i5.walmartimages.com/asr/ec7cf8ec-5576-4831-a4cc-72e69f30a765.2b0c51147f84c8e54bd3e65538a259d4.jpeg?odnHeight=226&amp;odnWidth=226&amp;odnBg=FFFFFF 1x, https://i5.walmartimages.com/asr/ec7cf8ec-5576-4831-a4cc-72e69f30a765.2b0c51147f84c8e54bd3e65538a259d4.jpeg?odnHeight=576&amp;odnWidth=576&amp;odnBg=FFFFFF 2x" src="https://i5.walmartimages.com/asr/ec7cf8ec-5576-4831-a4cc-72e69f30a765.2b0c51147f84c8e54bd3e65538a259d4.jpeg?odnHeight=576&amp;odnWidth=576&amp;odnBg=FFFFFF" width="" height="" class="absolute top-0 left-0" data-testid="productTileImage" alt="WHOLLY Guacamole Spicy Minis 6"/></div><div class="z-2 absolute bottom--1"><div class="relative dib" data-id="22211145"><button class="w_hhLG w_8nsR w_jDfj pointer bn sans-serif b ph2 flex items-center justify-center w-auto shadow-1" type="button" data-pcss-hide="true" data-automation-id="add-to-cart" aria-label="Add to cart - WHOLLY Guacamole Spicy Minis 6"><i class="ld ld-Plus" style="font-size:1.5rem;vertical-align:-0.25em;width:1.5rem;height:1.5rem;box-sizing:content-box" title="add to cart"></i><span class="mr2">Add</span></button></div></div></div><div class="mt5 mb0" style="height:24px" data-testid="variant-22211145"></div><div data-automation-id="product-price" class="flex flex-wrap justify-start items-center lh-title mb1-m"><div class="mr1 mr2-xl b black lh-copy f5 f4-l" aria-hidden="true">$5.43</div><span class="w_iUH7">current price $5.43</span><div class="gray mr1 f7 f6-l">45.3 ¢/oz</div></div><span class=""><span class="w_V_DM" style="-webkit-line-clamp:3;padding-bottom:0em;margin-bottom:-0em"><span data-automation-id="product-title" class="normal dark-gray mb0 mt1 lh-title f6 f5-l">WHOLLY Guacamole Spicy Minis 6</span></span></span><div class="flex items-center mt2"><span class="black inline-flex mr1"><i class="ld ld-StarFill" style="font-size:12px;vertical-align:-0.175em;width:12px;height:12px;box-sizing:content-box" aria-hidden="true"></i><i class="ld ld-StarFill" style="font-size:12px;vertical-align:-0.175em;width:12px;height:12px;box-sizing:content-box" aria-hidden="true"></i><i class="ld ld-StarFill" style="font-size:12px;vertical-align:-0.175em;width:12px;height:12px;box-sizing:content-box" aria-hidden="true"></i><i class="ld ld-StarFill" style="font-size:12px;vertical-align:-0.175em;width:12px;height:12px;box-sizing:content-box" aria-hidden="true"></i><i class="ld ld-StarHalf" style="font-size:12px;vertical-align:-0.175em;width:12px;height:12px;box-sizing:content-box" aria-hidden="true"></i></span><span class="sans-serif gray f7" aria-hidden="true">461</span><span class="w_iUH7">4.6 out of 5 Stars. 461 reviews</span></div><div></div><div class="mb2 mt2"><span class="w_iUH7">Available for Pickup or Delivery</span><span class="w_VbBP w_mFV6 w_I_19 w_3oNC w_AAn7 mr1 mt1 ph1" aria-hidden="true">Pickup</span><span class="w_VbBP w_mFV6 w_I_19 w_3oNC w_AAn7 mr1 mt1 ph1" aria-hidden="true">Delivery</span></div></div></li></ul><a link-identifier="horizontalScrollerNext" class="absolute dn z-5 bg-white br-100 pa0 pointer db-l br-100 nav-control right-1" aria-label="Next slide for Product Carousel list" data-testid="horizontal-scroller-next" role="button"><i class="ld ld-ChevronRight" style="font-size:1.5rem;vertical-align:-0.25em;padding:12px;width:1.5rem;height:1.5rem;box-sizing:content-box"></i></a></div></section></section></div> <div class="mv3 mv4-xl ml3 ml0-l bb b--near-white"><section><section><header class="flex justify-between mb3 mb2-m pr3 pr4-m pr0-xl items-baseline"><section style="flex:1"><div><div><div class="inline-flex "><h2 class="f4 f3-m lh-title ma0 ">Just mix &amp; eat</h2></div></div></div></section></header><div class="flex flex-column justify-center relative" data-testid="horizontal-scroller-Product Carousel"><a link-identifier="horizontalScrollerPrevious" class="absolute dn z-5 bg-white br-100 pa0 pointer hidden-child br-100 nav-control left-1" aria-label="Previous slide for Product Carousel list" data-testid="horizontal-scroller-previous" role="button"><i class="ld ld-ChevronLeft" style="font-size:1.5rem;vertical-align:-0.25em;padding:12px;width:1.5rem;height:1.5rem;box-sizing:content-box"></i></a><ul style="display:grid;grid-auto-flow:column;scroll-snap-type:x mandatory;max-height:fit-content" class="list ma0 pl0 overflow-x-scroll hidesb hidesb-wk relative overflow-y-hidden carousel-peek-2 carousel-6-l carousel-3-m pr3-m" data-testid="carousel-container"><li class="flex flex-column items-center pa1 pr2 pb2" data-slide="0"><div role="group" data-item-id="26543475" class="sans-serif mid-gray relative flex flex-column w-100 h-100 hide-child-opacity" data-testid="product-tile-0" aria-label="Product"><a link-identifier="26543475" class="absolute w-100 h-100 z-1 hide-sibling-opacity" target="" href="/ip/Marketside-Caesar-Salad-Kit-Family-Size-17-8-oz-Bag-Fresh/26543475?athcpid=26543475&amp;athpgid=AthenaContentPage_5306523&amp;athcgid=null&amp;athznid=ItemCarousel_ea60556d-5028-414b-a292-cddbdf476182_items&amp;athieid=v0&amp;athstid=CS020&amp;athguid=RlEjjy3vFDoOKlTIw3pddki_Ijj7yfueE6BV&amp;athancid=null&amp;athena=true"><span class="w_iUH7"><h3>Marketside Caesar Salad Kit Family Size, 17.8 oz Bag, Fresh</h3></span></a><div class="h2 relative mv2"></div><div class="relative"><div class="relative overflow-hidden" style="max-width:226px;height:0;padding-bottom:min(226px, 100%);align-self:center;width:min(226px, 100%)"><img loading="lazy" srcset="https://i5.walmartimages.com/asr/f8e9a7fd-2c64-4bfc-9bb0-d86ce0e5353d.46cdf4a45a1af71f47ea68cbc75af74b.jpeg?odnHeight=226&amp;odnWidth=226&amp;odnBg=FFFFFF 1x, https://i5.walmartimages.com/asr/f8e9a7fd-2c64-4bfc-9bb0-d86ce0e5353d.46cdf4a45a1af71f47ea68cbc75af74b.jpeg?odnHeight=576&amp;odnWidth=576&amp;odnBg=FFFFFF 2x" src="https://i5.walmartimages.com/asr/f8e9a7fd-2c64-4bfc-9bb0-d86ce0e5353d.46cdf4a45a1af71f47ea68cbc75af74b.jpeg?odnHeight=576&amp;odnWidth=576&amp;odnBg=FFFFFF" width="" height="" class="absolute top-0 left-0" data-testid="productTileImage" alt="Marketside Caesar Salad Kit Family Size, 17.8 oz Bag, Fresh"/></div><div class="z-2 absolute bottom--1"><div class="relative dib" data-id="26543475"><button class="w_hhLG w_8nsR w_jDfj pointer bn sans-serif b ph2 flex items-center justify-center w-auto shadow-1" type="button" data-pcss-hide="true" data-automation-id="add-to-cart" aria-label="Add to cart - Marketside Caesar Salad Kit Family Size, 17.8 oz Bag, Fresh"><i class="ld ld-Plus" style="font-size:1.5rem;vertical-align:-0.25em;width:1.5rem;height:1.5rem;box-sizing:content-box" title="add to cart"></i><span class="mr2">Add</span></button></div></div></div><div class="mt5 mb0" style="height:24px" data-testid="variant-26543475"></div><div data-automation-id="product-price" class="flex flex-wrap justify-start items-center lh-title mb1-m"><div class="mr1 mr2-xl b black lh-copy f5 f4-l" aria-hidden="true">$4.98</div><span class="w_iUH7">current price $4.98</span><div class="gray mr1 f7 f6-l">28.0 ¢/oz</div></div><span class=""><span class="w_V_DM" style="-webkit-line-clamp:3;padding-bottom:0em;margin-bottom:-0em"><span data-automation-id="product-title" class="normal dark-gray mb0 mt1 lh-title f6 f5-l">Marketside Caesar Salad Kit Family Size, 17.8 oz Bag, Fresh</span></span></span><div></div><div class="mb2 mt2"><span class="w_iUH7">Available for Pickup or Delivery</span><span class="w_VbBP w_mFV6 w_I_19 w_3oNC w_AAn7 mr1 mt1 ph1" aria-hidden="true">Pickup</span><span class="w_VbBP w_mFV6 w_I_19 w_3oNC w_AAn7 mr1 mt1 ph1" aria-hidden="true">Delivery</span></div></div></li><li class="flex flex-column items-center pa1 pr2 pb2" data-slide="1"><div role="group" data-item-id="431610884" class="sans-serif mid-gray relative flex flex-column w-100 h-100 hide-child-opacity" data-testid="product-tile-1" aria-label="Product"><a link-identifier="431610884" class="absolute w-100 h-100 z-1 hide-sibling-opacity" target="" href="/ip/Marketside-Avocado-Ranch-Chopped-Salad-Kit-10-3-oz-Bag-Fresh/431610884?athcpid=431610884&amp;athpgid=AthenaContentPage_5306523&amp;athcgid=null&amp;athznid=ItemCarousel_ea60556d-5028-414b-a292-cddbdf476182_items&amp;athieid=v0&amp;athstid=CS020&amp;athguid=RlEjjy3vFDoOKlTIw3pddki_Ijj7yfueE6BV&amp;athancid=null&amp;athena=true"><span class="w_iUH7"><h3>Marketside Avocado Ranch Chopped Salad Kit, 10.3 oz Bag, Fresh</h3></span></a><div class="h2 relative mv2"></div><div class="relative"><div class="relative overflow-hidden" style="max-width:226px;height:0;padding-bottom:min(226px, 100%);align-self:center;width:min(226px, 100%)"><img loading="lazy" srcset="https://i5.walmartimages.com/asr/3e2b1835-f71b-4b8b-a1ef-ac4d6b5e40e0.ef8ad47d137fde2b513ff62c27c565a4.jpeg?odnHeight=226&amp;odnWidth=226&amp;odnBg=FFFFFF 1x, https://i5.walmartimages.com/asr/3e2b1835-f71b-4b8b-a1ef-ac4d6b5e40e0.ef8ad47d137fde2b513ff62c27c565a4.jpeg?odnHeight=576&amp;odnWidth=576&amp;odnBg=FFFFFF 2x" src="https://i5.walmartimages.com/asr/3e2b1835-f71b-4b8b-a1ef-ac4d6b5e40e0.ef8ad47d137fde2b513ff62c27c565a4.jpeg?odnHeight=576&amp;odnWidth=576&amp;odnBg=FFFFFF" width="" height="" class="absolute top-0 left-0" data-testid="productTileImage" alt="Marketside Avocado Ranch Chopped Salad Kit, 10.3 oz Bag, Fresh"/></div><div class="z-2 absolute bottom--1"><div class="relative dib" data-id="431610884"><button class="w_hhLG w_8nsR w_jDfj pointer bn sans-serif b ph2 flex items-center justify-center w-auto shadow-1" type="button" data-pcss-hide="true" data-automation-id="add-to-cart" aria-label="Add to cart - Marketside Avocado Ranch Chopped Salad Kit, 10.3 oz Bag, Fresh"><i class="ld ld-Plus" style="font-size:1.5rem;vertical-align:-0.25em;width:1.5rem;height:1.5rem;box-sizing:content-box" title="add to cart"></i><span class="mr2">Add</span></button></div></div></div><div class="mt5 mb0" style="height:24px" data-testid="variant-431610884"></div><div data-automation-id="product-price" class="flex flex-wrap justify-start items-center lh-title mb1-m"><div class="mr1 mr2-xl b black lh-copy f5 f4-l" aria-hidden="true">$3.98</div><span class="w_iUH7">current price $3.98</span><div class="gray mr1 f7 f6-l">38.6 ¢/oz</div></div><span class=""><span class="w_V_DM" style="-webkit-line-clamp:3;padding-bottom:0em;margin-bottom:-0em"><span data-automation-id="product-title" class="normal dark-gray mb0 mt1 lh-title f6 f5-l">Marketside Avocado Ranch Chopped Salad Kit, 10.3 oz Bag, Fresh</span></span></span><div></div><div class="mb2 mt2"><span class="w_iUH7">Available for Pickup or Delivery</span><span class="w_VbBP w_mFV6 w_I_19 w_3oNC w_AAn7 mr1 mt1 ph1" aria-hidden="true">Pickup</span><span class="w_VbBP w_mFV6 w_I_19 w_3oNC w_AAn7 mr1 mt1 ph1" aria-hidden="true">Delivery</span></div></div></li><li class="flex flex-column items-center pa1 pr2 pb2" data-slide="2"><div role="group" data-item-id="366110558" class="sans-serif mid-gray relative flex flex-column w-100 h-100 hide-child-opacity" data-testid="product-tile-2" aria-label="Product"><a link-identifier="366110558" class="absolute w-100 h-100 z-1 hide-sibling-opacity" target="" href="/ip/Taylor-Farms-Everything-Chopped-Salad-Kit-11-57-oz-Bag-Fresh/366110558?athcpid=366110558&amp;athpgid=AthenaContentPage_5306523&amp;athcgid=null&amp;athznid=ItemCarousel_ea60556d-5028-414b-a292-cddbdf476182_items&amp;athieid=v0&amp;athstid=CS020&amp;athguid=RlEjjy3vFDoOKlTIw3pddki_Ijj7yfueE6BV&amp;athancid=null&amp;athena=true"><span class="w_iUH7"><h3>Taylor Farms Everything Chopped Salad Kit, 11.57 oz Bag, Fresh</h3></span></a><div class="h2 relative mv2"></div><div class="relative"><div class="relative overflow-hidden" style="max-width:226px;height:0;padding-bottom:min(226px, 100%);align-self:center;width:min(226px, 100%)"><img loading="lazy" srcset="https://i5.walmartimages.com/asr/4c642b5d-d37a-4602-add9-d6c62eb560bf.696798a2f6586faed4d84136d65e7245.jpeg?odnHeight=226&amp;odnWidth=226&amp;odnBg=FFFFFF 1x, https://i5.walmartimages.com/asr/4c642b5d-d37a-4602-add9-d6c62eb560bf.696798a2f6586faed4d84136d65e7245.jpeg?odnHeight=576&amp;odnWidth=576&amp;odnBg=FFFFFF 2x" src="https://i5.walmartimages.com/asr/4c642b5d-d37a-4602-add9-d6c62eb560bf.696798a2f6586faed4d84136d65e7245.jpeg?odnHeight=576&amp;odnWidth=576&amp;odnBg=FFFFFF" width="" height="" class="absolute top-0 left-0" data-testid="productTileImage" alt="Taylor Farms Everything Chopped Salad Kit, 11.57 oz Bag, Fresh"/></div><div class="z-2 absolute bottom--1"><div class="relative dib" data-id="366110558"><button class="w_hhLG w_8nsR w_jDfj pointer bn sans-serif b ph2 flex items-center justify-center w-auto shadow-1" type="button" data-pcss-hide="true" data-automation-id="add-to-cart" aria-label="Add to cart - Taylor Farms Everything Chopped Salad Kit, 11.57 oz Bag, Fresh"><i class="ld ld-Plus" style="font-size:1.5rem;vertical-align:-0.25em;width:1.5rem;height:1.5rem;box-sizing:content-box" title="add to cart"></i><span class="mr2">Add</span></button></div></div></div><div class="mt5 mb0" style="height:24px" data-testid="variant-366110558"></div><div data-automation-id="product-price" class="flex flex-wrap justify-start items-center lh-title mb1-m"><div class="mr1 mr2-xl b black lh-copy f5 f4-l" aria-hidden="true">$3.98</div><span class="w_iUH7">current price $3.98</span><div class="gray mr1 f7 f6-l">34.4 ¢/oz</div></div><span class=""><span class="w_V_DM" style="-webkit-line-clamp:3;padding-bottom:0em;margin-bottom:-0em"><span data-automation-id="product-title" class="normal dark-gray mb0 mt1 lh-title f6 f5-l">Taylor Farms Everything Chopped Salad Kit, 11.57 oz Bag, Fresh</span></span></span><div></div><div class="mb2 mt2"><span class="w_iUH7">Available for Pickup or Delivery</span><span class="w_VbBP w_mFV6 w_I_19 w_3oNC w_AAn7 mr1 mt1 ph1" aria-hidden="true">Pickup</span><span class="w_VbBP w_mFV6 w_I_19 w_3oNC w_AAn7 mr1 mt1 ph1" aria-hidden="true">Delivery</span></div></div></li><li class="flex flex-column items-center pa1 pr2 pb2" data-slide="3"><div role="group" data-item-id="690599074" class="sans-serif mid-gray relative flex flex-column w-100 h-100 hide-child-opacity" data-testid="product-tile-3" aria-label="Product"><a link-identifier="690599074" class="absolute w-100 h-100 z-1 hide-sibling-opacity" target="" href="/ip/Marketside-Sunflower-Bacon-Crunch-Chopped-Salad-Kit-10-6-oz-Bag-Fresh/690599074?athcpid=690599074&amp;athpgid=AthenaContentPage_5306523&amp;athcgid=null&amp;athznid=ItemCarousel_ea60556d-5028-414b-a292-cddbdf476182_items&amp;athieid=v0&amp;athstid=CS020&amp;athguid=RlEjjy3vFDoOKlTIw3pddki_Ijj7yfueE6BV&amp;athancid=null&amp;athena=true"><span class="w_iUH7"><h3>Marketside Sunflower Bacon Crunch Chopped Salad Kit, 10.6 oz Bag, Fresh</h3></span></a><div class="h2 relative mv2"></div><div class="relative"><div class="relative overflow-hidden" style="max-width:226px;height:0;padding-bottom:min(226px, 100%);align-self:center;width:min(226px, 100%)"><img loading="lazy" srcset="https://i5.walmartimages.com/asr/5c3a5d4e-19d0-4161-949a-e6b331fa4ec7_1.670bed778bd847e70844c4236031c7d1.jpeg?odnHeight=226&amp;odnWidth=226&amp;odnBg=FFFFFF 1x, https://i5.walmartimages.com/asr/5c3a5d4e-19d0-4161-949a-e6b331fa4ec7_1.670bed778bd847e70844c4236031c7d1.jpeg?odnHeight=576&amp;odnWidth=576&amp;odnBg=FFFFFF 2x" src="https://i5.walmartimages.com/asr/5c3a5d4e-19d0-4161-949a-e6b331fa4ec7_1.670bed778bd847e70844c4236031c7d1.jpeg?odnHeight=576&amp;odnWidth=576&amp;odnBg=FFFFFF" width="" height="" class="absolute top-0 left-0" data-testid="productTileImage" alt="Marketside Sunflower Bacon Crunch Chopped Salad Kit, 10.6 oz Bag, Fresh"/></div><div class="z-2 absolute bottom--1"><div class="relative dib" data-id="690599074"><button class="w_hhLG w_8nsR w_jDfj pointer bn sans-serif b ph2 flex items-center justify-center w-auto shadow-1" type="button" data-pcss-hide="true" data-automation-id="add-to-cart" aria-label="Add to cart - Marketside Sunflower Bacon Crunch Chopped Salad Kit, 10.6 oz Bag, Fresh"><i class="ld ld-Plus" style="font-size:1.5rem;vertical-align:-0.25em;width:1.5rem;height:1.5rem;box-sizing:content-box" title="add to cart"></i><span class="mr2">Add</span></button></div></div></div><div class="mt5 mb0" style="height:24px" data-testid="variant-690599074"></div><div data-automation-id="product-price" class="flex flex-wrap justify-start items-center lh-title mb1-m"><div class="mr1 mr2-xl b black lh-copy f5 f4-l" aria-hidden="true">$3.98</div><span class="w_iUH7">current price $3.98</span><div class="gray mr1 f7 f6-l">37.5 ¢/oz</div></div><span class=""><span class="w_V_DM" style="-webkit-line-clamp:3;padding-bottom:0em;margin-bottom:-0em"><span data-automation-id="product-title" class="normal dark-gray mb0 mt1 lh-title f6 f5-l">Marketside Sunflower Bacon Crunch Chopped Salad Kit, 10.6 oz Bag, Fresh</span></span></span><div></div><div class="mb2 mt2"><span class="w_iUH7">Available for Pickup or Delivery</span><span class="w_VbBP w_mFV6 w_I_19 w_3oNC w_AAn7 mr1 mt1 ph1" aria-hidden="true">Pickup</span><span class="w_VbBP w_mFV6 w_I_19 w_3oNC w_AAn7 mr1 mt1 ph1" aria-hidden="true">Delivery</span></div></div></li><li class="flex flex-column items-center pa1 pr2 pb2" data-slide="4"><div role="group" data-item-id="113202282" class="sans-serif mid-gray relative flex flex-column w-100 h-100 hide-child-opacity" data-testid="product-tile-4" aria-label="Product"><a link-identifier="113202282" class="absolute w-100 h-100 z-1 hide-sibling-opacity" target="" href="/ip/Marketside-Bacon-Ranch-Crunch-Chopped-Fresh-Salad-Kit-9-76-oz-Bag-Fresh/113202282?athcpid=113202282&amp;athpgid=AthenaContentPage_5306523&amp;athcgid=null&amp;athznid=ItemCarousel_ea60556d-5028-414b-a292-cddbdf476182_items&amp;athieid=v0&amp;athstid=CS020&amp;athguid=RlEjjy3vFDoOKlTIw3pddki_Ijj7yfueE6BV&amp;athancid=null&amp;athena=true"><span class="w_iUH7"><h3>Marketside Bacon Ranch Crunch Chopped Fresh Salad Kit, 9.76 oz Bag, Fresh</h3></span></a><div class="h2 relative mv2"></div><div class="relative"><div class="relative overflow-hidden" style="max-width:226px;height:0;padding-bottom:min(226px, 100%);align-self:center;width:min(226px, 100%)"><img loading="lazy" srcset="https://i5.walmartimages.com/asr/7f1ec033-5af3-46e0-a84c-e0486a3a4641.1b68ecb1cf57154072fd888a44ecb276.jpeg?odnHeight=226&amp;odnWidth=226&amp;odnBg=FFFFFF 1x, https://i5.walmartimages.com/asr/7f1ec033-5af3-46e0-a84c-e0486a3a4641.1b68ecb1cf57154072fd888a44ecb276.jpeg?odnHeight=576&amp;odnWidth=576&amp;odnBg=FFFFFF 2x" src="https://i5.walmartimages.com/asr/7f1ec033-5af3-46e0-a84c-e0486a3a4641.1b68ecb1cf57154072fd888a44ecb276.jpeg?odnHeight=576&amp;odnWidth=576&amp;odnBg=FFFFFF" width="" height="" class="absolute top-0 left-0" data-testid="productTileImage" alt="Marketside Bacon Ranch Crunch Chopped Fresh Salad Kit, 9.76 oz Bag, Fresh"/></div><div class="z-2 absolute bottom--1"><div class="relative dib" data-id="113202282"><button class="w_hhLG w_8nsR w_jDfj pointer bn sans-serif b ph2 flex items-center justify-center w-auto shadow-1" type="button" data-pcss-hide="true" data-automation-id="add-to-cart" aria-label="Add to cart - Marketside Bacon Ranch Crunch Chopped Fresh Salad Kit, 9.76 oz Bag, Fresh"><i class="ld ld-Plus" style="font-size:1.5rem;vertical-align:-0.25em;width:1.5rem;height:1.5rem;box-sizing:content-box" title="add to cart"></i><span class="mr2">Add</span></button></div></div></div><div class="mt5 mb0" style="height:24px" data-testid="variant-113202282"></div><div data-automation-id="product-price" class="flex flex-wrap justify-start items-center lh-title mb1-m"><div class="mr1 mr2-xl b black lh-copy f5 f4-l" aria-hidden="true">$3.98</div><span class="w_iUH7">current price $3.98</span><div class="gray mr1 f7 f6-l">40.6 ¢/oz</div></div><span class=""><span class="w_V_DM" style="-webkit-line-clamp:3;padding-bottom:0em;margin-bottom:-0em"><span data-automation-id="product-title" class="normal dark-gray mb0 mt1 lh-title f6 f5-l">Marketside Bacon Ranch Crunch Chopped Fresh Salad Kit, 9.76 oz Bag, Fresh</span></span></span><div></div><div class="mb2 mt2"><span class="w_iUH7">Available for Pickup or Delivery</span><span class="w_VbBP w_mFV6 w_I_19 w_3oNC w_AAn7 mr1 mt1 ph1" aria-hidden="true">Pickup</span><span class="w_VbBP w_mFV6 w_I_19 w_3oNC w_AAn7 mr1 mt1 ph1" aria-hidden="true">Delivery</span></div></div></li><li class="flex flex-column items-center pa1 pr2 pb2" data-slide="5"><div role="group" data-item-id="343402197" class="sans-serif mid-gray relative flex flex-column w-100 h-100 hide-child-opacity" data-testid="product-tile-5" aria-label="Product"><a link-identifier="343402197" class="absolute w-100 h-100 z-1 hide-sibling-opacity" target="" href="/ip/Marketside-Southwest-Chopped-Salad-Kit-10-3-oz-Bag-Fresh/343402197?athcpid=343402197&amp;athpgid=AthenaContentPage_5306523&amp;athcgid=null&amp;athznid=ItemCarousel_ea60556d-5028-414b-a292-cddbdf476182_items&amp;athieid=v0&amp;athstid=CS020&amp;athguid=RlEjjy3vFDoOKlTIw3pddki_Ijj7yfueE6BV&amp;athancid=null&amp;athena=true"><span class="w_iUH7"><h3>Marketside Southwest Chopped Salad Kit, 10.3 oz Bag, Fresh</h3></span></a><div class="h2 relative mv2"></div><div class="relative"><div class="relative overflow-hidden" style="max-width:226px;height:0;padding-bottom:min(226px, 100%);align-self:center;width:min(226px, 100%)"><img loading="lazy" srcset="https://i5.walmartimages.com/asr/fec1a28f-2346-4ae4-afd8-8a28dfc50ecd_1.2c05b2203a76237827fe07e9c06cb0ca.jpeg?odnHeight=226&amp;odnWidth=226&amp;odnBg=FFFFFF 1x, https://i5.walmartimages.com/asr/fec1a28f-2346-4ae4-afd8-8a28dfc50ecd_1.2c05b2203a76237827fe07e9c06cb0ca.jpeg?odnHeight=576&amp;odnWidth=576&amp;odnBg=FFFFFF 2x" src="https://i5.walmartimages.com/asr/fec1a28f-2346-4ae4-afd8-8a28dfc50ecd_1.2c05b2203a76237827fe07e9c06cb0ca.jpeg?odnHeight=576&amp;odnWidth=576&amp;odnBg=FFFFFF" width="" height="" class="absolute top-0 left-0" data-testid="productTileImage" alt="Marketside Southwest Chopped Salad Kit, 10.3 oz Bag, Fresh"/></div><div class="z-2 absolute bottom--1"><div class="relative dib" data-id="343402197"><button class="w_hhLG w_8nsR w_jDfj pointer bn sans-serif b ph2 flex items-center justify-center w-auto shadow-1" type="button" data-pcss-hide="true" data-automation-id="add-to-cart" aria-label="Add to cart - Marketside Southwest Chopped Salad Kit, 10.3 oz Bag, Fresh"><i class="ld ld-Plus" style="font-size:1.5rem;vertical-align:-0.25em;width:1.5rem;height:1.5rem;box-sizing:content-box" title="add to cart"></i><span class="mr2">Add</span></button></div></div></div><div class="mt5 mb0" style="height:24px" data-testid="variant-343402197"></div><div data-automation-id="product-price" class="flex flex-wrap justify-start items-center lh-title mb1-m"><div class="mr1 mr2-xl b black lh-copy f5 f4-l" aria-hidden="true">$3.98</div><span class="w_iUH7">current price $3.98</span><div class="gray mr1 f7 f6-l">38.6 ¢/oz</div></div><span class=""><span class="w_V_DM" style="-webkit-line-clamp:3;padding-bottom:0em;margin-bottom:-0em"><span data-automation-id="product-title" class="normal dark-gray mb0 mt1 lh-title f6 f5-l">Marketside Southwest Chopped Salad Kit, 10.3 oz Bag, Fresh</span></span></span><div></div><div class="mb2 mt2"><span class="w_iUH7">Available for Pickup or Delivery</span><span class="w_VbBP w_mFV6 w_I_19 w_3oNC w_AAn7 mr1 mt1 ph1" aria-hidden="true">Pickup</span><span class="w_VbBP w_mFV6 w_I_19 w_3oNC w_AAn7 mr1 mt1 ph1" aria-hidden="true">Delivery</span></div></div></li><li class="flex flex-column items-center pa1 pr2 pb2" data-slide="6"><div role="group" data-item-id="564429459" class="sans-serif mid-gray relative flex flex-column w-100 h-100 hide-child-opacity" data-testid="product-tile-6" aria-label="Product"><a link-identifier="564429459" class="absolute w-100 h-100 z-1 hide-sibling-opacity" target="" href="/ip/Taylor-Farms-Family-Size-Sweet-Kale-Chopped-Salad-Kit-22-oz-Bag-Fresh/564429459?athcpid=564429459&amp;athpgid=AthenaContentPage_5306523&amp;athcgid=null&amp;athznid=ItemCarousel_ea60556d-5028-414b-a292-cddbdf476182_items&amp;athieid=v0&amp;athstid=CS020&amp;athguid=RlEjjy3vFDoOKlTIw3pddki_Ijj7yfueE6BV&amp;athancid=null&amp;athena=true"><span class="w_iUH7"><h3>Taylor Farms Family Size Sweet Kale Chopped Salad Kit, 22 oz Bag, Fresh</h3></span></a><div class="h2 relative mv2"></div><div class="relative"><div class="relative overflow-hidden" style="max-width:226px;height:0;padding-bottom:min(226px, 100%);align-self:center;width:min(226px, 100%)"><img loading="lazy" srcset="https://i5.walmartimages.com/asr/df21a8ff-0a40-47fa-8650-a6006d2264bb.d0f7f2f720032b6eb4ba6511846933af.jpeg?odnHeight=226&amp;odnWidth=226&amp;odnBg=FFFFFF 1x, https://i5.walmartimages.com/asr/df21a8ff-0a40-47fa-8650-a6006d2264bb.d0f7f2f720032b6eb4ba6511846933af.jpeg?odnHeight=576&amp;odnWidth=576&amp;odnBg=FFFFFF 2x" src="https://i5.walmartimages.com/asr/df21a8ff-0a40-47fa-8650-a6006d2264bb.d0f7f2f720032b6eb4ba6511846933af.jpeg?odnHeight=576&amp;odnWidth=576&amp;odnBg=FFFFFF" width="" height="" class="absolute top-0 left-0" data-testid="productTileImage" alt="Taylor Farms Family Size Sweet Kale Chopped Salad Kit, 22 oz Bag, Fresh"/></div><div class="z-2 absolute bottom--1"><div class="relative dib" data-id="564429459"><button class="w_hhLG w_8nsR w_jDfj pointer bn sans-serif b ph2 flex items-center justify-center w-auto shadow-1" type="button" data-pcss-hide="true" data-automation-id="add-to-cart" aria-label="Add to cart - Taylor Farms Family Size Sweet Kale Chopped Salad Kit, 22 oz Bag, Fresh"><i class="ld ld-Plus" style="font-size:1.5rem;vertical-align:-0.25em;width:1.5rem;height:1.5rem;box-sizing:content-box" title="add to cart"></i><span class="mr2">Add</span></button></div></div></div><div class="mt5 mb0" style="height:24px" data-testid="variant-564429459"></div><div data-automation-id="product-price" class="flex flex-wrap justify-start items-center lh-title mb1-m"><div class="mr1 mr2-xl b black lh-copy f5 f4-l" aria-hidden="true">$4.98</div><span class="w_iUH7">current price $4.98</span><div class="gray mr1 f7 f6-l">22.3 ¢/oz</div></div><span class=""><span class="w_V_DM" style="-webkit-line-clamp:3;padding-bottom:0em;margin-bottom:-0em"><span data-automation-id="product-title" class="normal dark-gray mb0 mt1 lh-title f6 f5-l">Taylor Farms Family Size Sweet Kale Chopped Salad Kit, 22 oz Bag, Fresh</span></span></span><div></div><div class="mb2 mt2"><span class="w_iUH7">Available for Pickup or Delivery</span><span class="w_VbBP w_mFV6 w_I_19 w_3oNC w_AAn7 mr1 mt1 ph1" aria-hidden="true">Pickup</span><span class="w_VbBP w_mFV6 w_I_19 w_3oNC w_AAn7 mr1 mt1 ph1" aria-hidden="true">Delivery</span></div></div></li><li class="flex flex-column items-center pa1 pr2 pb2" data-slide="7"><div role="group" data-item-id="300881040" class="sans-serif mid-gray relative flex flex-column w-100 h-100 hide-child-opacity" data-testid="product-tile-7" aria-label="Product"><a link-identifier="300881040" class="absolute w-100 h-100 z-1 hide-sibling-opacity" target="" href="/ip/Marketside-Kale-Pecan-Cranberry-Chopped-Salad-Kit-7-oz-Bag-Fresh/300881040?athcpid=300881040&amp;athpgid=AthenaContentPage_5306523&amp;athcgid=null&amp;athznid=ItemCarousel_ea60556d-5028-414b-a292-cddbdf476182_items&amp;athieid=v0&amp;athstid=CS020&amp;athguid=RlEjjy3vFDoOKlTIw3pddki_Ijj7yfueE6BV&amp;athancid=null&amp;athena=true"><span class="w_iUH7"><h3>Marketside Kale Pecan Cranberry Chopped Salad Kit, 7 oz Bag, Fresh</h3></span></a><div class="h2 relative mv2"></div><div class="relative"><div class="relative overflow-hidden" style="max-width:226px;height:0;padding-bottom:min(226px, 100%);align-self:center;width:min(226px, 100%)"><img loading="lazy" srcset="https://i5.walmartimages.com/asr/86f83d4c-19a4-4e7b-bfea-634d7d50ed42_2.658796f45a8dd0f67fac1f916b50a23b.jpeg?odnHeight=226&amp;odnWidth=226&amp;odnBg=FFFFFF 1x, https://i5.walmartimages.com/asr/86f83d4c-19a4-4e7b-bfea-634d7d50ed42_2.658796f45a8dd0f67fac1f916b50a23b.jpeg?odnHeight=576&amp;odnWidth=576&amp;odnBg=FFFFFF 2x" src="https://i5.walmartimages.com/asr/86f83d4c-19a4-4e7b-bfea-634d7d50ed42_2.658796f45a8dd0f67fac1f916b50a23b.jpeg?odnHeight=576&amp;odnWidth=576&amp;odnBg=FFFFFF" width="" height="" class="absolute top-0 left-0" data-testid="productTileImage" alt="Marketside Kale Pecan Cranberry Chopped Salad Kit, 7 oz Bag, Fresh"/></div><div class="z-2 absolute bottom--1"><div class="relative dib" data-id="300881040"><button class="w_hhLG w_8nsR w_jDfj pointer bn sans-serif b ph2 flex items-center justify-center w-auto shadow-1" type="button" data-pcss-hide="true" data-automation-id="add-to-cart" aria-label="Add to cart - Marketside Kale Pecan Cranberry Chopped Salad Kit, 7 oz Bag, Fresh"><i class="ld ld-Plus" style="font-size:1.5rem;vertical-align:-0.25em;width:1.5rem;height:1.5rem;box-sizing:content-box" title="add to cart"></i><span class="mr2">Add</span></button></div></div></div><div class="mt5 mb0" style="height:24px" data-testid="variant-300881040"></div><div data-automation-id="product-price" class="flex flex-wrap justify-start items-center lh-title mb1-m"><div class="mr1 mr2-xl b black lh-copy f5 f4-l" aria-hidden="true">$3.98</div><span class="w_iUH7">current price $3.98</span><div class="gray mr1 f7 f6-l">56.9 ¢/oz</div></div><span class=""><span class="w_V_DM" style="-webkit-line-clamp:3;padding-bottom:0em;margin-bottom:-0em"><span data-automation-id="product-title" class="normal dark-gray mb0 mt1 lh-title f6 f5-l">Marketside Kale Pecan Cranberry Chopped Salad Kit, 7 oz Bag, Fresh</span></span></span><div></div><div class="mb2 mt2"><span class="w_iUH7">Available for Pickup or Delivery</span><span class="w_VbBP w_mFV6 w_I_19 w_3oNC w_AAn7 mr1 mt1 ph1" aria-hidden="true">Pickup</span><span class="w_VbBP w_mFV6 w_I_19 w_3oNC w_AAn7 mr1 mt1 ph1" aria-hidden="true">Delivery</span></div></div></li><li class="flex flex-column items-center pa1 pr2 pb2" data-slide="8"><div role="group" data-item-id="385515493" class="sans-serif mid-gray relative flex flex-column w-100 h-100 hide-child-opacity" data-testid="product-tile-8" aria-label="Product"><a link-identifier="385515493" class="absolute w-100 h-100 z-1 hide-sibling-opacity" target="" href="/ip/Marketside-Sunflower-Bacon-Crunch-Chopped-Salad-Kit-Family-Size-15-8-oz-Bag-Fresh/385515493?athcpid=385515493&amp;athpgid=AthenaContentPage_5306523&amp;athcgid=null&amp;athznid=ItemCarousel_ea60556d-5028-414b-a292-cddbdf476182_items&amp;athieid=v0&amp;athstid=CS020&amp;athguid=RlEjjy3vFDoOKlTIw3pddki_Ijj7yfueE6BV&amp;athancid=null&amp;athena=true"><span class="w_iUH7"><h3>Marketside Sunflower Bacon Crunch Chopped Salad Kit Family Size, 15.8 oz Bag, Fresh</h3></span></a><div class="h2 relative mv2"></div><div class="relative"><div class="relative overflow-hidden" style="max-width:226px;height:0;padding-bottom:min(226px, 100%);align-self:center;width:min(226px, 100%)"><img loading="lazy" srcset="https://i5.walmartimages.com/asr/cc8dbdb6-df35-46d5-85c2-c7e5b638b2c3.4927006393f0c6d76bd910ba4ee1b3b0.jpeg?odnHeight=226&amp;odnWidth=226&amp;odnBg=FFFFFF 1x, https://i5.walmartimages.com/asr/cc8dbdb6-df35-46d5-85c2-c7e5b638b2c3.4927006393f0c6d76bd910ba4ee1b3b0.jpeg?odnHeight=576&amp;odnWidth=576&amp;odnBg=FFFFFF 2x" src="https://i5.walmartimages.com/asr/cc8dbdb6-df35-46d5-85c2-c7e5b638b2c3.4927006393f0c6d76bd910ba4ee1b3b0.jpeg?odnHeight=576&amp;odnWidth=576&amp;odnBg=FFFFFF" width="" height="" class="absolute top-0 left-0" data-testid="productTileImage" alt="Marketside Sunflower Bacon Crunch Chopped Salad Kit Family Size, 15.8 oz Bag, Fresh"/></div><div class="z-2 absolute bottom--1"><div class="relative dib" data-id="385515493"><button class="w_hhLG w_8nsR w_jDfj pointer bn sans-serif b ph2 flex items-center justify-center w-auto shadow-1" type="button" data-pcss-hide="true" data-automation-id="add-to-cart" aria-label="Add to cart - Marketside Sunflower Bacon Crunch Chopped Salad Kit Family Size, 15.8 oz Bag, Fresh"><i class="ld ld-Plus" style="font-size:1.5rem;vertical-align:-0.25em;width:1.5rem;height:1.5rem;box-sizing:content-box" title="add to cart"></i><span class="mr2">Add</span></button></div></div></div><div class="mt5 mb0" style="height:24px" data-testid="variant-385515493"></div><div data-automation-id="product-price" class="flex flex-wrap justify-start items-center lh-title mb1-m"><div class="mr1 mr2-xl b black lh-copy f5 f4-l" aria-hidden="true">$4.98</div><span class="w_iUH7">current price $4.98</span><div class="gray mr1 f7 f6-l">31.5 ¢/oz</div></div><span class=""><span class="w_V_DM" style="-webkit-line-clamp:3;padding-bottom:0em;margin-bottom:-0em"><span data-automation-id="product-title" class="normal dark-gray mb0 mt1 lh-title f6 f5-l">Marketside Sunflower Bacon Crunch Chopped Salad Kit Family Size, 15.8 oz Bag, Fresh</span></span></span><div></div><div class="mb2 mt2"><span class="w_iUH7">Available for Pickup or Delivery</span><span class="w_VbBP w_mFV6 w_I_19 w_3oNC w_AAn7 mr1 mt1 ph1" aria-hidden="true">Pickup</span><span class="w_VbBP w_mFV6 w_I_19 w_3oNC w_AAn7 mr1 mt1 ph1" aria-hidden="true">Delivery</span></div></div></li><li class="flex flex-column items-center pa1 pr2 pb2" data-slide="9"><div role="group" data-item-id="409668151" class="sans-serif mid-gray relative flex flex-column w-100 h-100 hide-child-opacity" data-testid="product-tile-9" aria-label="Product"><a link-identifier="409668151" class="absolute w-100 h-100 z-1 hide-sibling-opacity" target="" href="/ip/Marketside-Asian-Chopped-Salad-Kit-10-6-oz-Bag-Fresh/409668151?athcpid=409668151&amp;athpgid=AthenaContentPage_5306523&amp;athcgid=null&amp;athznid=ItemCarousel_ea60556d-5028-414b-a292-cddbdf476182_items&amp;athieid=v0&amp;athstid=CS020&amp;athguid=RlEjjy3vFDoOKlTIw3pddki_Ijj7yfueE6BV&amp;athancid=null&amp;athena=true"><span class="w_iUH7"><h3>Marketside Asian Chopped Salad Kit, 10.6 oz Bag, Fresh</h3></span></a><div class="h2 relative mv2"></div><div class="relative"><div class="relative overflow-hidden" style="max-width:226px;height:0;padding-bottom:min(226px, 100%);align-self:center;width:min(226px, 100%)"><img loading="lazy" srcset="https://i5.walmartimages.com/asr/1d0389d8-03d5-49d3-80f1-54ba21b5240a_1.3d81cd585e53773de35dfde904f53c02.jpeg?odnHeight=226&amp;odnWidth=226&amp;odnBg=FFFFFF 1x, https://i5.walmartimages.com/asr/1d0389d8-03d5-49d3-80f1-54ba21b5240a_1.3d81cd585e53773de35dfde904f53c02.jpeg?odnHeight=576&amp;odnWidth=576&amp;odnBg=FFFFFF 2x" src="https://i5.walmartimages.com/asr/1d0389d8-03d5-49d3-80f1-54ba21b5240a_1.3d81cd585e53773de35dfde904f53c02.jpeg?odnHeight=576&amp;odnWidth=576&amp;odnBg=FFFFFF" width="" height="" class="absolute top-0 left-0" data-testid="productTileImage" alt="Marketside Asian Chopped Salad Kit, 10.6 oz Bag, Fresh"/></div><div class="z-2 absolute bottom--1"><div class="relative dib" data-id="409668151"><button class="w_hhLG w_8nsR w_jDfj pointer bn sans-serif b ph2 flex items-center justify-center w-auto shadow-1" type="button" data-pcss-hide="true" data-automation-id="add-to-cart" aria-label="Add to cart - Marketside Asian Chopped Salad Kit, 10.6 oz Bag, Fresh"><i class="ld ld-Plus" style="font-size:1.5rem;vertical-align:-0.25em;width:1.5rem;height:1.5rem;box-sizing:content-box" title="add to cart"></i><span class="mr2">Add</span></button></div></div></div><div class="mt5 mb0" style="height:24px" data-testid="variant-409668151"></div><div data-automation-id="product-price" class="flex flex-wrap justify-start items-center lh-title mb1-m"><div class="mr1 mr2-xl b black lh-copy f5 f4-l" aria-hidden="true">$3.74</div><span class="w_iUH7">current price $3.74</span><div class="gray mr1 f7 f6-l">35.3 ¢/oz</div></div><span class=""><span class="w_V_DM" style="-webkit-line-clamp:3;padding-bottom:0em;margin-bottom:-0em"><span data-automation-id="product-title" class="normal dark-gray mb0 mt1 lh-title f6 f5-l">Marketside Asian Chopped Salad Kit, 10.6 oz Bag, Fresh</span></span></span><div></div><div class="mb2 mt2"><span class="w_iUH7">Available for Pickup or Delivery</span><span class="w_VbBP w_mFV6 w_I_19 w_3oNC w_AAn7 mr1 mt1 ph1" aria-hidden="true">Pickup</span><span class="w_VbBP w_mFV6 w_I_19 w_3oNC w_AAn7 mr1 mt1 ph1" aria-hidden="true">Delivery</span></div></div></li><li class="flex flex-column items-center pa1 pr2 pb2" data-slide="10"><div role="group" data-item-id="442959681" class="sans-serif mid-gray relative flex flex-column w-100 h-100 hide-child-opacity" data-testid="product-tile-10" aria-label="Product"><a link-identifier="442959681" class="absolute w-100 h-100 z-1 hide-sibling-opacity" target="" href="/ip/Marketside-Caesar-Chopped-Salad-Kit-8-8-oz-Bag-Fresh/442959681?athcpid=442959681&amp;athpgid=AthenaContentPage_5306523&amp;athcgid=null&amp;athznid=ItemCarousel_ea60556d-5028-414b-a292-cddbdf476182_items&amp;athieid=v0&amp;athstid=CS020&amp;athguid=RlEjjy3vFDoOKlTIw3pddki_Ijj7yfueE6BV&amp;athancid=null&amp;athena=true&amp;athbdg=L1600"><span class="w_iUH7"><h3>Marketside Caesar Chopped Salad Kit, 8.8 oz Bag, Fresh</h3></span></a><div class="h2 relative mv2"><span class="w_VbBP w_mFV6 w_awtt w_3oNC w_3H8O tag-leading-badge absolute">Best seller</span></div><div class="relative"><div class="relative overflow-hidden" style="max-width:226px;height:0;padding-bottom:min(226px, 100%);align-self:center;width:min(226px, 100%)"><img loading="lazy" srcset="https://i5.walmartimages.com/asr/934e3ca5-9cb4-4d5e-a07c-3b58d7950e21.53d9abf20ccaf61f36e32217e4f9496a.jpeg?odnHeight=226&amp;odnWidth=226&amp;odnBg=FFFFFF 1x, https://i5.walmartimages.com/asr/934e3ca5-9cb4-4d5e-a07c-3b58d7950e21.53d9abf20ccaf61f36e32217e4f9496a.jpeg?odnHeight=576&amp;odnWidth=576&amp;odnBg=FFFFFF 2x" src="https://i5.walmartimages.com/asr/934e3ca5-9cb4-4d5e-a07c-3b58d7950e21.53d9abf20ccaf61f36e32217e4f9496a.jpeg?odnHeight=576&amp;odnWidth=576&amp;odnBg=FFFFFF" width="" height="" class="absolute top-0 left-0" data-testid="productTileImage" alt="Marketside Caesar Chopped Salad Kit, 8.8 oz Bag, Fresh"/></div><div class="z-2 absolute bottom--1"><div class="relative dib" data-id="442959681"><button class="w_hhLG w_8nsR w_jDfj pointer bn sans-serif b ph2 flex items-center justify-center w-auto shadow-1" type="button" data-pcss-hide="true" data-automation-id="add-to-cart" aria-label="Add to cart - Marketside Caesar Chopped Salad Kit, 8.8 oz Bag, Fresh"><i class="ld ld-Plus" style="font-size:1.5rem;vertical-align:-0.25em;width:1.5rem;height:1.5rem;box-sizing:content-box" title="add to cart"></i><span class="mr2">Add</span></button></div></div></div><div class="mt5 mb0" style="height:24px" data-testid="variant-442959681"></div><div data-automation-id="product-price" class="flex flex-wrap justify-start items-center lh-title mb1-m"><div class="mr1 mr2-xl b black lh-copy f5 f4-l" aria-hidden="true">$3.98</div><span class="w_iUH7">current price $3.98</span><div class="gray mr1 f7 f6-l">45.2 ¢/oz</div></div><span class=""><span class="w_V_DM" style="-webkit-line-clamp:3;padding-bottom:0em;margin-bottom:-0em"><span data-automation-id="product-title" class="normal dark-gray mb0 mt1 lh-title f6 f5-l">Marketside Caesar Chopped Salad Kit, 8.8 oz Bag, Fresh</span></span></span><div></div><div class="mb2 mt2"><span class="w_iUH7">Available for Pickup or Delivery</span><span class="w_VbBP w_mFV6 w_I_19 w_3oNC w_AAn7 mr1 mt1 ph1" aria-hidden="true">Pickup</span><span class="w_VbBP w_mFV6 w_I_19 w_3oNC w_AAn7 mr1 mt1 ph1" aria-hidden="true">Delivery</span></div></div></li><li class="flex flex-column items-center pa1 pr2 pb2" data-slide="11"><div role="group" data-item-id="746830493" class="sans-serif mid-gray relative flex flex-column w-100 h-100 hide-child-opacity" data-testid="product-tile-11" aria-label="Product"><a link-identifier="746830493" class="absolute w-100 h-100 z-1 hide-sibling-opacity" target="" href="/ip/Marketside-Cherry-Almond-Gorgonzola-Chopped-Salad-Kit-10-7-oz-Bag-Fresh/746830493?athcpid=746830493&amp;athpgid=AthenaContentPage_5306523&amp;athcgid=null&amp;athznid=ItemCarousel_ea60556d-5028-414b-a292-cddbdf476182_items&amp;athieid=v0&amp;athstid=CS020&amp;athguid=RlEjjy3vFDoOKlTIw3pddki_Ijj7yfueE6BV&amp;athancid=null&amp;athena=true"><span class="w_iUH7"><h3>Marketside Cherry Almond Gorgonzola Chopped Salad Kit, 10.7 oz Bag, Fresh</h3></span></a><div class="h2 relative mv2"></div><div class="relative"><div class="relative overflow-hidden" style="max-width:226px;height:0;padding-bottom:min(226px, 100%);align-self:center;width:min(226px, 100%)"><img loading="lazy" srcset="https://i5.walmartimages.com/asr/e1b7c6b0-c1ec-49d5-9fe6-e5dc7887428a.bcf0c98a03c3db182173e0e09c3f3858.jpeg?odnHeight=226&amp;odnWidth=226&amp;odnBg=FFFFFF 1x, https://i5.walmartimages.com/asr/e1b7c6b0-c1ec-49d5-9fe6-e5dc7887428a.bcf0c98a03c3db182173e0e09c3f3858.jpeg?odnHeight=576&amp;odnWidth=576&amp;odnBg=FFFFFF 2x" src="https://i5.walmartimages.com/asr/e1b7c6b0-c1ec-49d5-9fe6-e5dc7887428a.bcf0c98a03c3db182173e0e09c3f3858.jpeg?odnHeight=576&amp;odnWidth=576&amp;odnBg=FFFFFF" width="" height="" class="absolute top-0 left-0" data-testid="productTileImage" alt="Marketside Cherry Almond Gorgonzola Chopped Salad Kit, 10.7 oz Bag, Fresh"/></div><div class="z-2 absolute bottom--1"><div class="relative dib" data-id="746830493"><button class="w_hhLG w_8nsR w_jDfj pointer bn sans-serif b ph2 flex items-center justify-center w-auto shadow-1" type="button" data-pcss-hide="true" data-automation-id="add-to-cart" aria-label="Add to cart - Marketside Cherry Almond Gorgonzola Chopped Salad Kit, 10.7 oz Bag, Fresh"><i class="ld ld-Plus" style="font-size:1.5rem;vertical-align:-0.25em;width:1.5rem;height:1.5rem;box-sizing:content-box" title="add to cart"></i><span class="mr2">Add</span></button></div></div></div><div class="mt5 mb0" style="height:24px" data-testid="variant-746830493"></div><div data-automation-id="product-price" class="flex flex-wrap justify-start items-center lh-title mb1-m"><div class="mr1 mr2-xl b black lh-copy f5 f4-l" aria-hidden="true">$3.98</div><span class="w_iUH7">current price $3.98</span><div class="gray mr1 f7 f6-l">37.2 ¢/oz</div></div><span class=""><span class="w_V_DM" style="-webkit-line-clamp:3;padding-bottom:0em;margin-bottom:-0em"><span data-automation-id="product-title" class="normal dark-gray mb0 mt1 lh-title f6 f5-l">Marketside Cherry Almond Gorgonzola Chopped Salad Kit, 10.7 oz Bag, Fresh</span></span></span><div></div><div class="mb2 mt2"><span class="w_iUH7">Available for Pickup or Delivery</span><span class="w_VbBP w_mFV6 w_I_19 w_3oNC w_AAn7 mr1 mt1 ph1" aria-hidden="true">Pickup</span><span class="w_VbBP w_mFV6 w_I_19 w_3oNC w_AAn7 mr1 mt1 ph1" aria-hidden="true">Delivery</span></div></div></li><li class="flex flex-column items-center pa1 pr2 pb2" data-slide="12"><div role="group" data-item-id="194638312" class="sans-serif mid-gray relative flex flex-column w-100 h-100 hide-child-opacity" data-testid="product-tile-12" aria-label="Product"><a link-identifier="194638312" class="absolute w-100 h-100 z-1 hide-sibling-opacity" target="" href="/ip/Taylor-Farms-Sweet-Kale-Chopped-Salad-Kit-12-oz-Bag-Fresh/194638312?athcpid=194638312&amp;athpgid=AthenaContentPage_5306523&amp;athcgid=null&amp;athznid=ItemCarousel_ea60556d-5028-414b-a292-cddbdf476182_items&amp;athieid=v0&amp;athstid=CS020&amp;athguid=RlEjjy3vFDoOKlTIw3pddki_Ijj7yfueE6BV&amp;athancid=null&amp;athena=true"><span class="w_iUH7"><h3>Taylor Farms Sweet Kale Chopped Salad Kit, 12 oz Bag, Fresh</h3></span></a><div class="h2 relative mv2"></div><div class="relative"><div class="relative overflow-hidden" style="max-width:226px;height:0;padding-bottom:min(226px, 100%);align-self:center;width:min(226px, 100%)"><img loading="lazy" srcset="https://i5.walmartimages.com/asr/644a54b7-263a-465a-8b36-3ed44a164b7f.eb2fdb7b2515b3bff650eeefbb3cb64c.jpeg?odnHeight=226&amp;odnWidth=226&amp;odnBg=FFFFFF 1x, https://i5.walmartimages.com/asr/644a54b7-263a-465a-8b36-3ed44a164b7f.eb2fdb7b2515b3bff650eeefbb3cb64c.jpeg?odnHeight=576&amp;odnWidth=576&amp;odnBg=FFFFFF 2x" src="https://i5.walmartimages.com/asr/644a54b7-263a-465a-8b36-3ed44a164b7f.eb2fdb7b2515b3bff650eeefbb3cb64c.jpeg?odnHeight=576&amp;odnWidth=576&amp;odnBg=FFFFFF" width="" height="" class="absolute top-0 left-0" data-testid="productTileImage" alt="Taylor Farms Sweet Kale Chopped Salad Kit, 12 oz Bag, Fresh"/></div><div class="z-2 absolute bottom--1"><div class="relative dib" data-id="194638312"><button class="w_hhLG w_8nsR w_jDfj pointer bn sans-serif b ph2 flex items-center justify-center w-auto shadow-1" type="button" data-pcss-hide="true" data-automation-id="add-to-cart" aria-label="Add to cart - Taylor Farms Sweet Kale Chopped Salad Kit, 12 oz Bag, Fresh"><i class="ld ld-Plus" style="font-size:1.5rem;vertical-align:-0.25em;width:1.5rem;height:1.5rem;box-sizing:content-box" title="add to cart"></i><span class="mr2">Add</span></button></div></div></div><div class="mt5 mb0" style="height:24px" data-testid="variant-194638312"></div><div data-automation-id="product-price" class="flex flex-wrap justify-start items-center lh-title mb1-m"><div class="mr1 mr2-xl b black lh-copy f5 f4-l" aria-hidden="true">$3.98</div><span class="w_iUH7">current price $3.98</span><div class="gray mr1 f7 f6-l">33.2 ¢/oz</div></div><span class=""><span class="w_V_DM" style="-webkit-line-clamp:3;padding-bottom:0em;margin-bottom:-0em"><span data-automation-id="product-title" class="normal dark-gray mb0 mt1 lh-title f6 f5-l">Taylor Farms Sweet Kale Chopped Salad Kit, 12 oz Bag, Fresh</span></span></span><div></div><div class="mb2 mt2"><span class="w_iUH7">Available for Pickup or Delivery</span><span class="w_VbBP w_mFV6 w_I_19 w_3oNC w_AAn7 mr1 mt1 ph1" aria-hidden="true">Pickup</span><span class="w_VbBP w_mFV6 w_I_19 w_3oNC w_AAn7 mr1 mt1 ph1" aria-hidden="true">Delivery</span></div></div></li><li class="flex flex-column items-center pa1 pr2 pb2" data-slide="13"><div role="group" data-item-id="26543474" class="sans-serif mid-gray relative flex flex-column w-100 h-100 hide-child-opacity" data-testid="product-tile-13" aria-label="Product"><a link-identifier="26543474" class="absolute w-100 h-100 z-1 hide-sibling-opacity" target="" href="/ip/Marketside-Bacon-Caesar-Salad-Kit-11-6-oz-Bag-Fresh/26543474?athcpid=26543474&amp;athpgid=AthenaContentPage_5306523&amp;athcgid=null&amp;athznid=ItemCarousel_ea60556d-5028-414b-a292-cddbdf476182_items&amp;athieid=v0&amp;athstid=CS020&amp;athguid=RlEjjy3vFDoOKlTIw3pddki_Ijj7yfueE6BV&amp;athancid=null&amp;athena=true"><span class="w_iUH7"><h3>Marketside Bacon Caesar Salad Kit, 11.6 oz Bag, Fresh</h3></span></a><div class="h2 relative mv2"></div><div class="relative"><div class="relative overflow-hidden" style="max-width:226px;height:0;padding-bottom:min(226px, 100%);align-self:center;width:min(226px, 100%)"><img loading="lazy" srcset="https://i5.walmartimages.com/asr/46b8a15d-faa9-41a5-8994-f11d46e1e6ab_2.3ca2e1d924700aa55210285535250c77.jpeg?odnHeight=226&amp;odnWidth=226&amp;odnBg=FFFFFF 1x, https://i5.walmartimages.com/asr/46b8a15d-faa9-41a5-8994-f11d46e1e6ab_2.3ca2e1d924700aa55210285535250c77.jpeg?odnHeight=576&amp;odnWidth=576&amp;odnBg=FFFFFF 2x" src="https://i5.walmartimages.com/asr/46b8a15d-faa9-41a5-8994-f11d46e1e6ab_2.3ca2e1d924700aa55210285535250c77.jpeg?odnHeight=576&amp;odnWidth=576&amp;odnBg=FFFFFF" width="" height="" class="absolute top-0 left-0" data-testid="productTileImage" alt="Marketside Bacon Caesar Salad Kit, 11.6 oz Bag, Fresh"/></div><div class="z-2 absolute bottom--1"><div class="relative dib" data-id="26543474"><button class="w_hhLG w_8nsR w_jDfj pointer bn sans-serif b ph2 flex items-center justify-center w-auto shadow-1" type="button" data-pcss-hide="true" data-automation-id="add-to-cart" aria-label="Add to cart - Marketside Bacon Caesar Salad Kit, 11.6 oz Bag, Fresh"><i class="ld ld-Plus" style="font-size:1.5rem;vertical-align:-0.25em;width:1.5rem;height:1.5rem;box-sizing:content-box" title="add to cart"></i><span class="mr2">Add</span></button></div></div></div><div class="mt5 mb0" style="height:24px" data-testid="variant-26543474"></div><div data-automation-id="product-price" class="flex flex-wrap justify-start items-center lh-title mb1-m"><div class="mr1 mr2-xl b black lh-copy f5 f4-l" aria-hidden="true">$3.98</div><span class="w_iUH7">current price $3.98</span><div class="gray mr1 f7 f6-l">34.3 ¢/oz</div></div><span class=""><span class="w_V_DM" style="-webkit-line-clamp:3;padding-bottom:0em;margin-bottom:-0em"><span data-automation-id="product-title" class="normal dark-gray mb0 mt1 lh-title f6 f5-l">Marketside Bacon Caesar Salad Kit, 11.6 oz Bag, Fresh</span></span></span><div></div><div class="mb2 mt2"><span class="w_iUH7">Available for Pickup or Delivery</span><span class="w_VbBP w_mFV6 w_I_19 w_3oNC w_AAn7 mr1 mt1 ph1" aria-hidden="true">Pickup</span><span class="w_VbBP w_mFV6 w_I_19 w_3oNC w_AAn7 mr1 mt1 ph1" aria-hidden="true">Delivery</span></div></div></li><li class="flex flex-column items-center pa1 pr2 pb2" data-slide="14"><div role="group" data-item-id="145883120" class="sans-serif mid-gray relative flex flex-column w-100 h-100 hide-child-opacity" data-testid="product-tile-14" aria-label="Product"><a link-identifier="145883120" class="absolute w-100 h-100 z-1 hide-sibling-opacity" target="" href="/ip/Taylor-Farms-Maple-Bourbon-Bacon-Chopped-Salad-Kit-12-8-oz-Bag-Fresh/145883120?athcpid=145883120&amp;athpgid=AthenaContentPage_5306523&amp;athcgid=null&amp;athznid=ItemCarousel_ea60556d-5028-414b-a292-cddbdf476182_items&amp;athieid=v0&amp;athstid=CS020&amp;athguid=RlEjjy3vFDoOKlTIw3pddki_Ijj7yfueE6BV&amp;athancid=null&amp;athena=true"><span class="w_iUH7"><h3>Taylor Farms Maple Bourbon Bacon Chopped Salad Kit, 12.8 oz Bag, Fresh</h3></span></a><div class="h2 relative mv2"></div><div class="relative"><div class="relative overflow-hidden" style="max-width:226px;height:0;padding-bottom:min(226px, 100%);align-self:center;width:min(226px, 100%)"><img loading="lazy" srcset="https://i5.walmartimages.com/asr/9649a8a9-4a0f-4ef9-a399-5521dcf3855a.cb7a5c5c2e20db385c78b66b78053b74.jpeg?odnHeight=226&amp;odnWidth=226&amp;odnBg=FFFFFF 1x, https://i5.walmartimages.com/asr/9649a8a9-4a0f-4ef9-a399-5521dcf3855a.cb7a5c5c2e20db385c78b66b78053b74.jpeg?odnHeight=576&amp;odnWidth=576&amp;odnBg=FFFFFF 2x" src="https://i5.walmartimages.com/asr/9649a8a9-4a0f-4ef9-a399-5521dcf3855a.cb7a5c5c2e20db385c78b66b78053b74.jpeg?odnHeight=576&amp;odnWidth=576&amp;odnBg=FFFFFF" width="" height="" class="absolute top-0 left-0" data-testid="productTileImage" alt="Taylor Farms Maple Bourbon Bacon Chopped Salad Kit, 12.8 oz Bag, Fresh"/></div><div class="z-2 absolute bottom--1"><div class="relative dib" data-id="145883120"><button class="w_hhLG w_8nsR w_jDfj pointer bn sans-serif b ph2 flex items-center justify-center w-auto shadow-1" type="button" data-pcss-hide="true" data-automation-id="add-to-cart" aria-label="Add to cart - Taylor Farms Maple Bourbon Bacon Chopped Salad Kit, 12.8 oz Bag, Fresh"><i class="ld ld-Plus" style="font-size:1.5rem;vertical-align:-0.25em;width:1.5rem;height:1.5rem;box-sizing:content-box" title="add to cart"></i><span class="mr2">Add</span></button></div></div></div><div class="mt5 mb0" style="height:24px" data-testid="variant-145883120"></div><div data-automation-id="product-price" class="flex flex-wrap justify-start items-center lh-title mb1-m"><div class="mr1 mr2-xl b black lh-copy f5 f4-l" aria-hidden="true">$3.98</div><span class="w_iUH7">current price $3.98</span><div class="gray mr1 f7 f6-l">31.1 ¢/oz</div></div><span class=""><span class="w_V_DM" style="-webkit-line-clamp:3;padding-bottom:0em;margin-bottom:-0em"><span data-automation-id="product-title" class="normal dark-gray mb0 mt1 lh-title f6 f5-l">Taylor Farms Maple Bourbon Bacon Chopped Salad Kit, 12.8 oz Bag, Fresh</span></span></span><div></div><div class="mb2 mt2"><span class="w_iUH7">Available for Pickup or Delivery</span><span class="w_VbBP w_mFV6 w_I_19 w_3oNC w_AAn7 mr1 mt1 ph1" aria-hidden="true">Pickup</span><span class="w_VbBP w_mFV6 w_I_19 w_3oNC w_AAn7 mr1 mt1 ph1" aria-hidden="true">Delivery</span></div></div></li><li class="flex flex-column items-center pa1 pr2 pb2" data-slide="15"><div role="group" data-item-id="16935784" class="sans-serif mid-gray relative flex flex-column w-100 h-100 hide-child-opacity" data-testid="product-tile-15" aria-label="Product"><a link-identifier="16935784" class="absolute w-100 h-100 z-1 hide-sibling-opacity" target="" href="/ip/Marketside-Caesar-Salad-Kit-11-55-oz-Bag-Fresh/16935784?athcpid=16935784&amp;athpgid=AthenaContentPage_5306523&amp;athcgid=null&amp;athznid=ItemCarousel_ea60556d-5028-414b-a292-cddbdf476182_items&amp;athieid=v0&amp;athstid=CS020&amp;athguid=RlEjjy3vFDoOKlTIw3pddki_Ijj7yfueE6BV&amp;athancid=null&amp;athena=true&amp;athbdg=L1600"><span class="w_iUH7"><h3>Marketside Caesar Salad Kit, 11.55 oz Bag, Fresh</h3></span></a><div class="h2 relative mv2"><span class="w_VbBP w_mFV6 w_awtt w_3oNC w_3H8O tag-leading-badge absolute">Best seller</span></div><div class="relative"><div class="relative overflow-hidden" style="max-width:226px;height:0;padding-bottom:min(226px, 100%);align-self:center;width:min(226px, 100%)"><img loading="lazy" srcset="https://i5.walmartimages.com/asr/10ecf783-58d3-41bc-ac1f-8793e6a8187f.e82af4d3e5686bacba5cbae52b10ffe2.jpeg?odnHeight=226&amp;odnWidth=226&amp;odnBg=FFFFFF 1x, https://i5.walmartimages.com/asr/10ecf783-58d3-41bc-ac1f-8793e6a8187f.e82af4d3e5686bacba5cbae52b10ffe2.jpeg?odnHeight=576&amp;odnWidth=576&amp;odnBg=FFFFFF 2x" src="https://i5.walmartimages.com/asr/10ecf783-58d3-41bc-ac1f-8793e6a8187f.e82af4d3e5686bacba5cbae52b10ffe2.jpeg?odnHeight=576&amp;odnWidth=576&amp;odnBg=FFFFFF" width="" height="" class="absolute top-0 left-0" data-testid="productTileImage" alt="Marketside Caesar Salad Kit, 11.55 oz Bag, Fresh"/></div><div class="z-2 absolute bottom--1"><div class="relative dib" data-id="16935784"><button class="w_hhLG w_8nsR w_jDfj pointer bn sans-serif b ph2 flex items-center justify-center w-auto shadow-1" type="button" data-pcss-hide="true" data-automation-id="add-to-cart" aria-label="Add to cart - Marketside Caesar Salad Kit, 11.55 oz Bag, Fresh"><i class="ld ld-Plus" style="font-size:1.5rem;vertical-align:-0.25em;width:1.5rem;height:1.5rem;box-sizing:content-box" title="add to cart"></i><span class="mr2">Add</span></button></div></div></div><div class="mt5 mb0" style="height:24px" data-testid="variant-16935784"></div><div data-automation-id="product-price" class="flex flex-wrap justify-start items-center lh-title mb1-m"><div class="mr1 mr2-xl b black lh-copy f5 f4-l" aria-hidden="true">$3.98</div><span class="w_iUH7">current price $3.98</span><div class="gray mr1 f7 f6-l">34.6 ¢/oz</div></div><span class=""><span class="w_V_DM" style="-webkit-line-clamp:3;padding-bottom:0em;margin-bottom:-0em"><span data-automation-id="product-title" class="normal dark-gray mb0 mt1 lh-title f6 f5-l">Marketside Caesar Salad Kit, 11.55 oz Bag, Fresh</span></span></span><div></div><div class="mb2 mt2"><span class="w_iUH7">Available for Pickup or Delivery</span><span class="w_VbBP w_mFV6 w_I_19 w_3oNC w_AAn7 mr1 mt1 ph1" aria-hidden="true">Pickup</span><span class="w_VbBP w_mFV6 w_I_19 w_3oNC w_AAn7 mr1 mt1 ph1" aria-hidden="true">Delivery</span></div></div></li></ul><a link-identifier="horizontalScrollerNext" class="absolute dn z-5 bg-white br-100 pa0 pointer db-l br-100 nav-control right-1" aria-label="Next slide for Product Carousel list" data-testid="horizontal-scroller-next" role="button"><i class="ld ld-ChevronRight" style="font-size:1.5rem;vertical-align:-0.25em;padding:12px;width:1.5rem;height:1.5rem;box-sizing:content-box"></i></a></div></section></section></div> <div class="mv3 mv4-xl ml3 ml0-l bb b--near-white"><section><section><header class="flex justify-between mb3 mb2-m pr3 pr4-m pr0-xl items-baseline"><section style="flex:1"><div><div><div class="inline-flex "><h2 class="f4 f3-m lh-title ma0 ">Antioxidant &amp; immunity boost</h2></div></div></div></section></header><div class="flex flex-column justify-center relative" data-testid="horizontal-scroller-Product Carousel"><a link-identifier="horizontalScrollerPrevious" class="absolute dn z-5 bg-white br-100 pa0 pointer hidden-child br-100 nav-control left-1" aria-label="Previous slide for Product Carousel list" data-testid="horizontal-scroller-previous" role="button"><i class="ld ld-ChevronLeft" style="font-size:1.5rem;vertical-align:-0.25em;padding:12px;width:1.5rem;height:1.5rem;box-sizing:content-box"></i></a><ul style="display:grid;grid-auto-flow:column;scroll-snap-type:x mandatory;max-height:fit-content" class="list ma0 pl0 overflow-x-scroll hidesb hidesb-wk relative overflow-y-hidden carousel-peek-2 carousel-6-l carousel-3-m pr3-m" data-testid="carousel-container"><li class="flex flex-column items-center pa1 pr2 pb2" data-slide="0"><div role="group" data-item-id="162577028" class="sans-serif mid-gray relative flex flex-column w-100 h-100 hide-child-opacity" data-testid="product-tile-0" aria-label="Product"><a link-identifier="162577028" class="absolute w-100 h-100 z-1 hide-sibling-opacity" target="" href="/ip/Fresh-Navel-Orange-Each/162577028?athcpid=162577028&amp;athpgid=AthenaContentPage_5306523&amp;athcgid=null&amp;athznid=ItemCarousel_3d794dd4-7a8b-4665-a4ae-ebabdc512f58_items&amp;athieid=v0&amp;athstid=CS020&amp;athguid=RlEjjy3vFDoOKlTIw3pddki_Ijj7yfueE6BV&amp;athancid=null&amp;athena=true&amp;athbdg=L1600"><span class="w_iUH7"><h3>Fresh Navel Orange, Each</h3></span></a><div class="h2 relative mv2"><span class="w_VbBP w_mFV6 w_awtt w_3oNC w_3H8O tag-leading-badge absolute">Best seller</span></div><div class="relative"><div class="relative overflow-hidden" style="max-width:226px;height:0;padding-bottom:min(226px, 100%);align-self:center;width:min(226px, 100%)"><img loading="lazy" srcset="https://i5.walmartimages.com/asr/a6054c7f-7e7b-4de8-9f04-1f87bafa4c3e.76cf34255799375020421060def8bb2e.jpeg?odnHeight=226&amp;odnWidth=226&amp;odnBg=FFFFFF 1x, https://i5.walmartimages.com/asr/a6054c7f-7e7b-4de8-9f04-1f87bafa4c3e.76cf34255799375020421060def8bb2e.jpeg?odnHeight=576&amp;odnWidth=576&amp;odnBg=FFFFFF 2x" src="https://i5.walmartimages.com/asr/a6054c7f-7e7b-4de8-9f04-1f87bafa4c3e.76cf34255799375020421060def8bb2e.jpeg?odnHeight=576&amp;odnWidth=576&amp;odnBg=FFFFFF" width="" height="" class="absolute top-0 left-0" data-testid="productTileImage" alt="Fresh Navel Orange, Each"/></div><div class="z-2 absolute bottom--1"><div class="relative dib" data-id="162577028"><button class="w_hhLG w_8nsR w_jDfj pointer bn sans-serif b ph2 flex items-center justify-center w-auto shadow-1" type="button" data-pcss-hide="true" data-automation-id="add-to-cart" aria-label="Add to cart - Fresh Navel Orange, Each"><i class="ld ld-Plus" style="font-size:1.5rem;vertical-align:-0.25em;width:1.5rem;height:1.5rem;box-sizing:content-box" title="add to cart"></i><span class="mr2">Add</span></button></div></div></div><div class="mt5 mb0" style="height:24px" data-testid="variant-162577028"></div><div data-automation-id="product-price" class="flex flex-wrap justify-start items-center lh-title mb1-m"><div class="mr1 mr2-xl b black lh-copy f5 f4-l" aria-hidden="true">$0.88</div><span class="w_iUH7">current price $0.88</span></div><span class=""><span class="w_V_DM" style="-webkit-line-clamp:3;padding-bottom:0em;margin-bottom:-0em"><span data-automation-id="product-title" class="normal dark-gray mb0 mt1 lh-title f6 f5-l">Fresh Navel Orange, Each</span></span></span><div class="flex items-center mt2"><span class="black inline-flex mr1"><i class="ld ld-StarFill" style="font-size:12px;vertical-align:-0.175em;width:12px;height:12px;box-sizing:content-box" aria-hidden="true"></i><i class="ld ld-StarFill" style="font-size:12px;vertical-align:-0.175em;width:12px;height:12px;box-sizing:content-box" aria-hidden="true"></i><i class="ld ld-Star" style="font-size:12px;vertical-align:-0.175em;width:12px;height:12px;box-sizing:content-box" aria-hidden="true"></i><i class="ld ld-Star" style="font-size:12px;vertical-align:-0.175em;width:12px;height:12px;box-sizing:content-box" aria-hidden="true"></i><i class="ld ld-Star" style="font-size:12px;vertical-align:-0.175em;width:12px;height:12px;box-sizing:content-box" aria-hidden="true"></i></span><span class="sans-serif gray f7" aria-hidden="true">742</span><span class="w_iUH7">2 out of 5 Stars. 742 reviews</span></div><div></div><div class="mb2 mt2"><span class="w_iUH7">Available for Pickup or Delivery</span><span class="w_VbBP w_mFV6 w_I_19 w_3oNC w_AAn7 mr1 mt1 ph1" aria-hidden="true">Pickup</span><span class="w_VbBP w_mFV6 w_I_19 w_3oNC w_AAn7 mr1 mt1 ph1" aria-hidden="true">Delivery</span></div></div></li><li class="flex flex-column items-center pa1 pr2 pb2" data-slide="1"><div role="group" data-item-id="1732560925" class="sans-serif mid-gray relative flex flex-column w-100 h-100 hide-child-opacity" data-testid="product-tile-1" aria-label="Product"><a link-identifier="1732560925" class="absolute w-100 h-100 z-1 hide-sibling-opacity" target="" href="/ip/Fresh-Blueberries-11-oz-or-1-Pint-Container/1732560925?athcpid=1732560925&amp;athpgid=AthenaContentPage_5306523&amp;athcgid=null&amp;athznid=ItemCarousel_3d794dd4-7a8b-4665-a4ae-ebabdc512f58_items&amp;athieid=v0&amp;athstid=CS020&amp;athguid=RlEjjy3vFDoOKlTIw3pddki_Ijj7yfueE6BV&amp;athancid=null&amp;athena=true"><span class="w_iUH7"><h3>Fresh Blueberries, 11 oz or 1 Pint Container</h3></span></a><div class="h2 relative mv2"></div><div class="relative"><div class="relative overflow-hidden" style="max-width:226px;height:0;padding-bottom:min(226px, 100%);align-self:center;width:min(226px, 100%)"><img loading="lazy" srcset="https://i5.walmartimages.com/asr/58566f1b-31b1-4e76-b0c2-39403a93c0c7.c8b5bd91935856cbdb15b7587d8c031e.jpeg?odnHeight=226&amp;odnWidth=226&amp;odnBg=FFFFFF 1x, https://i5.walmartimages.com/asr/58566f1b-31b1-4e76-b0c2-39403a93c0c7.c8b5bd91935856cbdb15b7587d8c031e.jpeg?odnHeight=576&amp;odnWidth=576&amp;odnBg=FFFFFF 2x" src="https://i5.walmartimages.com/asr/58566f1b-31b1-4e76-b0c2-39403a93c0c7.c8b5bd91935856cbdb15b7587d8c031e.jpeg?odnHeight=576&amp;odnWidth=576&amp;odnBg=FFFFFF" width="" height="" class="absolute top-0 left-0" data-testid="productTileImage" alt="Fresh Blueberries, 11 oz or 1 Pint Container"/></div><div class="z-2 absolute bottom--1"><div class="relative dib" data-id="1732560925"><button class="w_hhLG w_8nsR w_jDfj pointer bn sans-serif b ph2 flex items-center justify-center w-auto shadow-1" type="button" data-pcss-hide="true" data-automation-id="add-to-cart" aria-label="Add to cart - Fresh Blueberries, 11 oz or 1 Pint Container"><i class="ld ld-Plus" style="font-size:1.5rem;vertical-align:-0.25em;width:1.5rem;height:1.5rem;box-sizing:content-box" title="add to cart"></i><span class="mr2">Add</span></button></div></div></div><div class="mt5 mb0" style="height:24px" data-testid="variant-1732560925"></div><div data-automation-id="product-price" class="flex flex-wrap justify-start items-center lh-title mb1-m"><div class="mr1 mr2-xl b black lh-copy f5 f4-l" aria-hidden="true">$5.57</div><span class="w_iUH7">current price $5.57</span><div class="gray mr1 f7 f6-l">50.6 ¢/oz</div></div><span class=""><span class="w_V_DM" style="-webkit-line-clamp:3;padding-bottom:0em;margin-bottom:-0em"><span data-automation-id="product-title" class="normal dark-gray mb0 mt1 lh-title f6 f5-l">Fresh Blueberries, 11 oz or 1 Pint Container</span></span></span><div class="flex items-center mt2"><span class="black inline-flex mr1"><i class="ld ld-StarFill" style="font-size:12px;vertical-align:-0.175em;width:12px;height:12px;box-sizing:content-box" aria-hidden="true"></i><i class="ld ld-StarFill" style="font-size:12px;vertical-align:-0.175em;width:12px;height:12px;box-sizing:content-box" aria-hidden="true"></i><i class="ld ld-StarFill" style="font-size:12px;vertical-align:-0.175em;width:12px;height:12px;box-sizing:content-box" aria-hidden="true"></i><i class="ld ld-StarHalf" style="font-size:12px;vertical-align:-0.175em;width:12px;height:12px;box-sizing:content-box" aria-hidden="true"></i><i class="ld ld-Star" style="font-size:12px;vertical-align:-0.175em;width:12px;height:12px;box-sizing:content-box" aria-hidden="true"></i></span><span class="sans-serif gray f7" aria-hidden="true">1446</span><span class="w_iUH7">3.5 out of 5 Stars. 1446 reviews</span></div><div></div><div class="mb2 mt2"><span class="w_iUH7">Available for Pickup or Delivery</span><span class="w_VbBP w_mFV6 w_I_19 w_3oNC w_AAn7 mr1 mt1 ph1" aria-hidden="true">Pickup</span><span class="w_VbBP w_mFV6 w_I_19 w_3oNC w_AAn7 mr1 mt1 ph1" aria-hidden="true">Delivery</span></div></div></li><li class="flex flex-column items-center pa1 pr2 pb2" data-slide="2"><div role="group" data-item-id="44391666" class="sans-serif mid-gray relative flex flex-column w-100 h-100 hide-child-opacity" data-testid="product-tile-2" aria-label="Product"><a link-identifier="44391666" class="absolute w-100 h-100 z-1 hide-sibling-opacity" target="" href="/ip/Fresh-Raspberries-6-oz-Container/44391666?athcpid=44391666&amp;athpgid=AthenaContentPage_5306523&amp;athcgid=null&amp;athznid=ItemCarousel_3d794dd4-7a8b-4665-a4ae-ebabdc512f58_items&amp;athieid=v0&amp;athstid=CS020&amp;athguid=RlEjjy3vFDoOKlTIw3pddki_Ijj7yfueE6BV&amp;athancid=null&amp;athena=true"><span class="w_iUH7"><h3>Fresh Raspberries, 6 oz Container</h3></span></a><div class="h2 relative mv2"></div><div class="relative"><div class="relative overflow-hidden" style="max-width:226px;height:0;padding-bottom:min(226px, 100%);align-self:center;width:min(226px, 100%)"><img loading="lazy" srcset="https://i5.walmartimages.com/asr/1728165a-48ac-46d7-98d2-71daa67f615b_1.626e0ec13971f8220e13b80030c8089f.jpeg?odnHeight=226&amp;odnWidth=226&amp;odnBg=FFFFFF 1x, https://i5.walmartimages.com/asr/1728165a-48ac-46d7-98d2-71daa67f615b_1.626e0ec13971f8220e13b80030c8089f.jpeg?odnHeight=576&amp;odnWidth=576&amp;odnBg=FFFFFF 2x" src="https://i5.walmartimages.com/asr/1728165a-48ac-46d7-98d2-71daa67f615b_1.626e0ec13971f8220e13b80030c8089f.jpeg?odnHeight=576&amp;odnWidth=576&amp;odnBg=FFFFFF" width="" height="" class="absolute top-0 left-0" data-testid="productTileImage" alt="Fresh Raspberries, 6 oz Container"/></div><div class="z-2 absolute bottom--1"><div class="relative dib" data-id="44391666"><button class="w_hhLG w_8nsR w_jDfj pointer bn sans-serif b ph2 flex items-center justify-center w-auto shadow-1" type="button" data-pcss-hide="true" data-automation-id="add-to-cart" aria-label="Add to cart - Fresh Raspberries, 6 oz Container"><i class="ld ld-Plus" style="font-size:1.5rem;vertical-align:-0.25em;width:1.5rem;height:1.5rem;box-sizing:content-box" title="add to cart"></i><span class="mr2">Add</span></button></div></div></div><div class="mt5 mb0" style="height:24px" data-testid="variant-44391666"></div><div data-automation-id="product-price" class="flex flex-wrap justify-start items-center lh-title mb1-m"><div class="mr1 mr2-xl b black lh-copy f5 f4-l" aria-hidden="true">$2.77</div><span class="w_iUH7">current price $2.77</span><div class="gray mr1 f7 f6-l">46.2 ¢/oz</div></div><span class=""><span class="w_V_DM" style="-webkit-line-clamp:3;padding-bottom:0em;margin-bottom:-0em"><span data-automation-id="product-title" class="normal dark-gray mb0 mt1 lh-title f6 f5-l">Fresh Raspberries, 6 oz Container</span></span></span><div class="flex items-center mt2"><span class="black inline-flex mr1"><i class="ld ld-StarFill" style="font-size:12px;vertical-align:-0.175em;width:12px;height:12px;box-sizing:content-box" aria-hidden="true"></i><i class="ld ld-StarFill" style="font-size:12px;vertical-align:-0.175em;width:12px;height:12px;box-sizing:content-box" aria-hidden="true"></i><i class="ld ld-StarHalf" style="font-size:12px;vertical-align:-0.175em;width:12px;height:12px;box-sizing:content-box" aria-hidden="true"></i><i class="ld ld-Star" style="font-size:12px;vertical-align:-0.175em;width:12px;height:12px;box-sizing:content-box" aria-hidden="true"></i><i class="ld ld-Star" style="font-size:12px;vertical-align:-0.175em;width:12px;height:12px;box-sizing:content-box" aria-hidden="true"></i></span><span class="sans-serif gray f7" aria-hidden="true">2067</span><span class="w_iUH7">2.6 out of 5 Stars. 2067 reviews</span></div><div></div><div class="mb2 mt2"><span class="w_iUH7">Available for Pickup or Delivery</span><span class="w_VbBP w_mFV6 w_I_19 w_3oNC w_AAn7 mr1 mt1 ph1" aria-hidden="true">Pickup</span><span class="w_VbBP w_mFV6 w_I_19 w_3oNC w_AAn7 mr1 mt1 ph1" aria-hidden="true">Delivery</span></div></div></li><li class="flex flex-column items-center pa1 pr2 pb2" data-slide="3"><div role="group" data-item-id="47314798" class="sans-serif mid-gray relative flex flex-column w-100 h-100 hide-child-opacity" data-testid="product-tile-3" aria-label="Product"><a link-identifier="47314798" class="absolute w-100 h-100 z-1 hide-sibling-opacity" target="" href="/ip/Fresh-Blackberries-6-oz-Container/47314798?athcpid=47314798&amp;athpgid=AthenaContentPage_5306523&amp;athcgid=null&amp;athznid=ItemCarousel_3d794dd4-7a8b-4665-a4ae-ebabdc512f58_items&amp;athieid=v0&amp;athstid=CS020&amp;athguid=RlEjjy3vFDoOKlTIw3pddki_Ijj7yfueE6BV&amp;athancid=null&amp;athena=true"><span class="w_iUH7"><h3>Fresh Blackberries, 6 oz Container</h3></span></a><div class="h2 relative mv2"></div><div class="relative"><div class="relative overflow-hidden" style="max-width:226px;height:0;padding-bottom:min(226px, 100%);align-self:center;width:min(226px, 100%)"><img loading="lazy" srcset="https://i5.walmartimages.com/asr/cb53bc27-f467-4569-a6aa-f37a398f1d05_1.de0ff806baa995d2c33fa3f2cf893f7e.jpeg?odnHeight=226&amp;odnWidth=226&amp;odnBg=FFFFFF 1x, https://i5.walmartimages.com/asr/cb53bc27-f467-4569-a6aa-f37a398f1d05_1.de0ff806baa995d2c33fa3f2cf893f7e.jpeg?odnHeight=576&amp;odnWidth=576&amp;odnBg=FFFFFF 2x" src="https://i5.walmartimages.com/asr/cb53bc27-f467-4569-a6aa-f37a398f1d05_1.de0ff806baa995d2c33fa3f2cf893f7e.jpeg?odnHeight=576&amp;odnWidth=576&amp;odnBg=FFFFFF" width="" height="" class="absolute top-0 left-0" data-testid="productTileImage" alt="Fresh Blackberries, 6 oz Container"/></div><div class="z-2 absolute bottom--1"><div class="relative dib" data-id="47314798"><button class="w_hhLG w_8nsR w_jDfj pointer bn sans-serif b ph2 flex items-center justify-center w-auto shadow-1" type="button" data-pcss-hide="true" data-automation-id="add-to-cart" aria-label="Add to cart - Fresh Blackberries, 6 oz Container"><i class="ld ld-Plus" style="font-size:1.5rem;vertical-align:-0.25em;width:1.5rem;height:1.5rem;box-sizing:content-box" title="add to cart"></i><span class="mr2">Add</span></button></div></div></div><div class="mt5 mb0" style="height:24px" data-testid="variant-47314798"></div><div data-automation-id="product-price" class="flex flex-wrap justify-start items-center lh-title mb1-m"><div class="mr1 mr2-xl b black lh-copy f5 f4-l" aria-hidden="true">$2.97</div><span class="w_iUH7">current price $2.97</span><div class="gray mr1 f7 f6-l">49.5 ¢/oz</div></div><span class=""><span class="w_V_DM" style="-webkit-line-clamp:3;padding-bottom:0em;margin-bottom:-0em"><span data-automation-id="product-title" class="normal dark-gray mb0 mt1 lh-title f6 f5-l">Fresh Blackberries, 6 oz Container</span></span></span><div class="flex items-center mt2"><span class="black inline-flex mr1"><i class="ld ld-StarFill" style="font-size:12px;vertical-align:-0.175em;width:12px;height:12px;box-sizing:content-box" aria-hidden="true"></i><i class="ld ld-StarFill" style="font-size:12px;vertical-align:-0.175em;width:12px;height:12px;box-sizing:content-box" aria-hidden="true"></i><i class="ld ld-Star" style="font-size:12px;vertical-align:-0.175em;width:12px;height:12px;box-sizing:content-box" aria-hidden="true"></i><i class="ld ld-Star" style="font-size:12px;vertical-align:-0.175em;width:12px;height:12px;box-sizing:content-box" aria-hidden="true"></i><i class="ld ld-Star" style="font-size:12px;vertical-align:-0.175em;width:12px;height:12px;box-sizing:content-box" aria-hidden="true"></i></span><span class="sans-serif gray f7" aria-hidden="true">1354</span><span class="w_iUH7">2.2 out of 5 Stars. 1354 reviews</span></div><div></div><div class="mb2 mt2"><span class="w_iUH7">Available for Pickup or Delivery</span><span class="w_VbBP w_mFV6 w_I_19 w_3oNC w_AAn7 mr1 mt1 ph1" aria-hidden="true">Pickup</span><span class="w_VbBP w_mFV6 w_I_19 w_3oNC w_AAn7 mr1 mt1 ph1" aria-hidden="true">Delivery</span></div></div></li><li class="flex flex-column items-center pa1 pr2 pb2" data-slide="4"><div role="group" data-item-id="622057236" class="sans-serif mid-gray relative flex flex-column w-100 h-100 hide-child-opacity" data-testid="product-tile-4" aria-label="Product"><a link-identifier="622057236" class="absolute w-100 h-100 z-1 hide-sibling-opacity" target="" href="/ip/Fresh-Blackberries-12-oz-Container/622057236?athcpid=622057236&amp;athpgid=AthenaContentPage_5306523&amp;athcgid=null&amp;athznid=ItemCarousel_3d794dd4-7a8b-4665-a4ae-ebabdc512f58_items&amp;athieid=v0&amp;athstid=CS020&amp;athguid=RlEjjy3vFDoOKlTIw3pddki_Ijj7yfueE6BV&amp;athancid=null&amp;athena=true"><span class="w_iUH7"><h3>Fresh Blackberries, 12 oz Container</h3></span></a><div class="h2 relative mv2"></div><div class="relative"><div class="relative overflow-hidden" style="max-width:226px;height:0;padding-bottom:min(226px, 100%);align-self:center;width:min(226px, 100%)"><img loading="lazy" srcset="https://i5.walmartimages.com/asr/dc9b9465-0c58-4147-b88d-5c86ea54de31.eb8bb8d17115d97ee43755f9e9e2f76c.jpeg?odnHeight=226&amp;odnWidth=226&amp;odnBg=FFFFFF 1x, https://i5.walmartimages.com/asr/dc9b9465-0c58-4147-b88d-5c86ea54de31.eb8bb8d17115d97ee43755f9e9e2f76c.jpeg?odnHeight=576&amp;odnWidth=576&amp;odnBg=FFFFFF 2x" src="https://i5.walmartimages.com/asr/dc9b9465-0c58-4147-b88d-5c86ea54de31.eb8bb8d17115d97ee43755f9e9e2f76c.jpeg?odnHeight=576&amp;odnWidth=576&amp;odnBg=FFFFFF" width="" height="" class="absolute top-0 left-0" data-testid="productTileImage" alt="Fresh Blackberries, 12 oz Container"/></div><div class="z-2 absolute bottom--1"><div class="relative dib" data-id="622057236"><button class="w_hhLG w_8nsR w_jDfj pointer bn sans-serif b ph2 flex items-center justify-center w-auto shadow-1" type="button" data-pcss-hide="true" data-automation-id="add-to-cart" aria-label="Add to cart - Fresh Blackberries, 12 oz Container"><i class="ld ld-Plus" style="font-size:1.5rem;vertical-align:-0.25em;width:1.5rem;height:1.5rem;box-sizing:content-box" title="add to cart"></i><span class="mr2">Add</span></button></div></div></div><div class="mt5 mb0" style="height:24px" data-testid="variant-622057236"></div><div data-automation-id="product-price" class="flex flex-wrap justify-start items-center lh-title mb1-m"><div class="mr1 mr2-xl b black lh-copy f5 f4-l" aria-hidden="true">$5.74</div><span class="w_iUH7">current price $5.74</span><div class="gray mr1 f7 f6-l">47.8 ¢/oz</div></div><span class=""><span class="w_V_DM" style="-webkit-line-clamp:3;padding-bottom:0em;margin-bottom:-0em"><span data-automation-id="product-title" class="normal dark-gray mb0 mt1 lh-title f6 f5-l">Fresh Blackberries, 12 oz Container</span></span></span><div class="flex items-center mt2"><span class="black inline-flex mr1"><i class="ld ld-StarFill" style="font-size:12px;vertical-align:-0.175em;width:12px;height:12px;box-sizing:content-box" aria-hidden="true"></i><i class="ld ld-StarHalf" style="font-size:12px;vertical-align:-0.175em;width:12px;height:12px;box-sizing:content-box" aria-hidden="true"></i><i class="ld ld-Star" style="font-size:12px;vertical-align:-0.175em;width:12px;height:12px;box-sizing:content-box" aria-hidden="true"></i><i class="ld ld-Star" style="font-size:12px;vertical-align:-0.175em;width:12px;height:12px;box-sizing:content-box" aria-hidden="true"></i><i class="ld ld-Star" style="font-size:12px;vertical-align:-0.175em;width:12px;height:12px;box-sizing:content-box" aria-hidden="true"></i></span><span class="sans-serif gray f7" aria-hidden="true">521</span><span class="w_iUH7">1.6 out of 5 Stars. 521 reviews</span></div><div></div><div class="mb2 mt2"><span class="w_iUH7">Available for Pickup or Delivery</span><span class="w_VbBP w_mFV6 w_I_19 w_3oNC w_AAn7 mr1 mt1 ph1" aria-hidden="true">Pickup</span><span class="w_VbBP w_mFV6 w_I_19 w_3oNC w_AAn7 mr1 mt1 ph1" aria-hidden="true">Delivery</span></div></div></li><li class="flex flex-column items-center pa1 pr2 pb2" data-slide="5"><div role="group" data-item-id="44391012" class="sans-serif mid-gray relative flex flex-column w-100 h-100 hide-child-opacity" data-testid="product-tile-5" aria-label="Product"><a link-identifier="44391012" class="absolute w-100 h-100 z-1 hide-sibling-opacity" target="" href="/ip/Fresh-Navel-Oranges-4-lb-Bag/44391012?athcpid=44391012&amp;athpgid=AthenaContentPage_5306523&amp;athcgid=null&amp;athznid=ItemCarousel_3d794dd4-7a8b-4665-a4ae-ebabdc512f58_items&amp;athieid=v0&amp;athstid=CS020&amp;athguid=RlEjjy3vFDoOKlTIw3pddki_Ijj7yfueE6BV&amp;athancid=null&amp;athena=true&amp;athbdg=L1600"><span class="w_iUH7"><h3>Fresh Navel Oranges, 4 lb Bag</h3></span></a><div class="h2 relative mv2"><span class="w_VbBP w_mFV6 w_awtt w_3oNC w_3H8O tag-leading-badge absolute">Best seller</span></div><div class="relative"><div class="relative overflow-hidden" style="max-width:226px;height:0;padding-bottom:min(226px, 100%);align-self:center;width:min(226px, 100%)"><img loading="lazy" srcset="https://i5.walmartimages.com/asr/5fa99ca0-ae7b-4030-ae4e-8ac4e1621eb3_1.d784bf085b7b2b98c065fded42d727f1.jpeg?odnHeight=226&amp;odnWidth=226&amp;odnBg=FFFFFF 1x, https://i5.walmartimages.com/asr/5fa99ca0-ae7b-4030-ae4e-8ac4e1621eb3_1.d784bf085b7b2b98c065fded42d727f1.jpeg?odnHeight=576&amp;odnWidth=576&amp;odnBg=FFFFFF 2x" src="https://i5.walmartimages.com/asr/5fa99ca0-ae7b-4030-ae4e-8ac4e1621eb3_1.d784bf085b7b2b98c065fded42d727f1.jpeg?odnHeight=576&amp;odnWidth=576&amp;odnBg=FFFFFF" width="" height="" class="absolute top-0 left-0" data-testid="productTileImage" alt="Fresh Navel Oranges, 4 lb Bag"/></div><div class="z-2 absolute bottom--1"><div class="relative dib" data-id="44391012"><button class="w_hhLG w_8nsR w_jDfj pointer bn sans-serif b ph2 flex items-center justify-center w-auto shadow-1" type="button" data-pcss-hide="true" data-automation-id="add-to-cart" aria-label="Add to cart - Fresh Navel Oranges, 4 lb Bag"><i class="ld ld-Plus" style="font-size:1.5rem;vertical-align:-0.25em;width:1.5rem;height:1.5rem;box-sizing:content-box" title="add to cart"></i><span class="mr2">Add</span></button></div></div></div><div class="mt5 mb0" style="height:24px" data-testid="variant-44391012"></div><div data-automation-id="product-price" class="flex flex-wrap justify-start items-center lh-title mb1-m"><div class="mr1 mr2-xl b black lh-copy f5 f4-l" aria-hidden="true">$4.97</div><span class="w_iUH7">current price $4.97</span><div class="gray mr1 f7 f6-l">$1.24/lb</div></div><span class=""><span class="w_V_DM" style="-webkit-line-clamp:3;padding-bottom:0em;margin-bottom:-0em"><span data-automation-id="product-title" class="normal dark-gray mb0 mt1 lh-title f6 f5-l">Fresh Navel Oranges, 4 lb Bag</span></span></span><div class="flex items-center mt2"><span class="black inline-flex mr1"><i class="ld ld-StarFill" style="font-size:12px;vertical-align:-0.175em;width:12px;height:12px;box-sizing:content-box" aria-hidden="true"></i><i class="ld ld-StarFill" style="font-size:12px;vertical-align:-0.175em;width:12px;height:12px;box-sizing:content-box" aria-hidden="true"></i><i class="ld ld-Star" style="font-size:12px;vertical-align:-0.175em;width:12px;height:12px;box-sizing:content-box" aria-hidden="true"></i><i class="ld ld-Star" style="font-size:12px;vertical-align:-0.175em;width:12px;height:12px;box-sizing:content-box" aria-hidden="true"></i><i class="ld ld-Star" style="font-size:12px;vertical-align:-0.175em;width:12px;height:12px;box-sizing:content-box" aria-hidden="true"></i></span><span class="sans-serif gray f7" aria-hidden="true">1108</span><span class="w_iUH7">1.9 out of 5 Stars. 1108 reviews</span></div><div></div><div class="mb2 mt2"><span class="w_iUH7">Available for Pickup or Delivery</span><span class="w_VbBP w_mFV6 w_I_19 w_3oNC w_AAn7 mr1 mt1 ph1" aria-hidden="true">Pickup</span><span class="w_VbBP w_mFV6 w_I_19 w_3oNC w_AAn7 mr1 mt1 ph1" aria-hidden="true">Delivery</span></div></div></li><li class="flex flex-column items-center pa1 pr2 pb2" data-slide="6"><div role="group" data-item-id="44391069" class="sans-serif mid-gray relative flex flex-column w-100 h-100 hide-child-opacity" data-testid="product-tile-6" aria-label="Product"><a link-identifier="44391069" class="absolute w-100 h-100 z-1 hide-sibling-opacity" target="" href="/ip/Fresh-Navel-Oranges-8-lb-Bag/44391069?athcpid=44391069&amp;athpgid=AthenaContentPage_5306523&amp;athcgid=null&amp;athznid=ItemCarousel_3d794dd4-7a8b-4665-a4ae-ebabdc512f58_items&amp;athieid=v0&amp;athstid=CS020&amp;athguid=RlEjjy3vFDoOKlTIw3pddki_Ijj7yfueE6BV&amp;athancid=null&amp;athena=true"><span class="w_iUH7"><h3>Fresh Navel Oranges, 8 lb Bag</h3></span></a><div class="h2 relative mv2"></div><div class="relative"><div class="relative overflow-hidden" style="max-width:226px;height:0;padding-bottom:min(226px, 100%);align-self:center;width:min(226px, 100%)"><img loading="lazy" srcset="https://i5.walmartimages.com/asr/35e5e43b-d7f7-4c05-ad55-d2df5404c1cd_1.8a8b9be88694f526967d6d5b24c78bae.jpeg?odnHeight=226&amp;odnWidth=226&amp;odnBg=FFFFFF 1x, https://i5.walmartimages.com/asr/35e5e43b-d7f7-4c05-ad55-d2df5404c1cd_1.8a8b9be88694f526967d6d5b24c78bae.jpeg?odnHeight=576&amp;odnWidth=576&amp;odnBg=FFFFFF 2x" src="https://i5.walmartimages.com/asr/35e5e43b-d7f7-4c05-ad55-d2df5404c1cd_1.8a8b9be88694f526967d6d5b24c78bae.jpeg?odnHeight=576&amp;odnWidth=576&amp;odnBg=FFFFFF" width="" height="" class="absolute top-0 left-0" data-testid="productTileImage" alt="Fresh Navel Oranges, 8 lb Bag"/></div><div class="z-2 absolute bottom--1"><div class="relative dib" data-id="44391069"><button class="w_hhLG w_8nsR w_jDfj pointer bn sans-serif b ph2 flex items-center justify-center w-auto shadow-1" type="button" data-pcss-hide="true" data-automation-id="add-to-cart" aria-label="Add to cart - Fresh Navel Oranges, 8 lb Bag"><i class="ld ld-Plus" style="font-size:1.5rem;vertical-align:-0.25em;width:1.5rem;height:1.5rem;box-sizing:content-box" title="add to cart"></i><span class="mr2">Add</span></button></div></div></div><div class="mt5 mb0" style="height:24px" data-testid="variant-44391069"></div><div data-automation-id="product-price" class="flex flex-wrap justify-start items-center lh-title mb1-m"><div class="mr1 mr2-xl b black lh-copy f5 f4-l" aria-hidden="true">$8.96</div><span class="w_iUH7">current price $8.96</span></div><span class=""><span class="w_V_DM" style="-webkit-line-clamp:3;padding-bottom:0em;margin-bottom:-0em"><span data-automation-id="product-title" class="normal dark-gray mb0 mt1 lh-title f6 f5-l">Fresh Navel Oranges, 8 lb Bag</span></span></span><div class="flex items-center mt2"><span class="black inline-flex mr1"><i class="ld ld-StarFill" style="font-size:12px;vertical-align:-0.175em;width:12px;height:12px;box-sizing:content-box" aria-hidden="true"></i><i class="ld ld-StarFill" style="font-size:12px;vertical-align:-0.175em;width:12px;height:12px;box-sizing:content-box" aria-hidden="true"></i><i class="ld ld-Star" style="font-size:12px;vertical-align:-0.175em;width:12px;height:12px;box-sizing:content-box" aria-hidden="true"></i><i class="ld ld-Star" style="font-size:12px;vertical-align:-0.175em;width:12px;height:12px;box-sizing:content-box" aria-hidden="true"></i><i class="ld ld-Star" style="font-size:12px;vertical-align:-0.175em;width:12px;height:12px;box-sizing:content-box" aria-hidden="true"></i></span><span class="sans-serif gray f7" aria-hidden="true">433</span><span class="w_iUH7">1.9 out of 5 Stars. 433 reviews</span></div><div></div><div class="mb2 mt2"><span class="w_iUH7">Available for Pickup or Delivery</span><span class="w_VbBP w_mFV6 w_I_19 w_3oNC w_AAn7 mr1 mt1 ph1" aria-hidden="true">Pickup</span><span class="w_VbBP w_mFV6 w_I_19 w_3oNC w_AAn7 mr1 mt1 ph1" aria-hidden="true">Delivery</span></div></div></li><li class="flex flex-column items-center pa1 pr2 pb2" data-slide="7"><div role="group" data-item-id="51259387" class="sans-serif mid-gray relative flex flex-column w-100 h-100 hide-child-opacity" data-testid="product-tile-7" aria-label="Product"><a link-identifier="51259387" class="absolute w-100 h-100 z-1 hide-sibling-opacity" target="" href="/ip/Fresh-Red-Grapefruit-Each/51259387?athcpid=51259387&amp;athpgid=AthenaContentPage_5306523&amp;athcgid=null&amp;athznid=ItemCarousel_3d794dd4-7a8b-4665-a4ae-ebabdc512f58_items&amp;athieid=v0&amp;athstid=CS020&amp;athguid=RlEjjy3vFDoOKlTIw3pddki_Ijj7yfueE6BV&amp;athancid=null&amp;athena=true&amp;athbdg=L1600"><span class="w_iUH7"><h3>Fresh Red Grapefruit, Each</h3></span></a><div class="h2 relative mv2"><span class="w_VbBP w_mFV6 w_awtt w_3oNC w_3H8O tag-leading-badge absolute">Best seller</span></div><div class="relative"><div class="relative overflow-hidden" style="max-width:226px;height:0;padding-bottom:min(226px, 100%);align-self:center;width:min(226px, 100%)"><img loading="lazy" srcset="https://i5.walmartimages.com/asr/c23d870b-225f-4818-afe3-0b4add48afe6.b78126a7bd277fd29afbeb21dac10e04.jpeg?odnHeight=226&amp;odnWidth=226&amp;odnBg=FFFFFF 1x, https://i5.walmartimages.com/asr/c23d870b-225f-4818-afe3-0b4add48afe6.b78126a7bd277fd29afbeb21dac10e04.jpeg?odnHeight=576&amp;odnWidth=576&amp;odnBg=FFFFFF 2x" src="https://i5.walmartimages.com/asr/c23d870b-225f-4818-afe3-0b4add48afe6.b78126a7bd277fd29afbeb21dac10e04.jpeg?odnHeight=576&amp;odnWidth=576&amp;odnBg=FFFFFF" width="" height="" class="absolute top-0 left-0" data-testid="productTileImage" alt="Fresh Red Grapefruit, Each"/></div><div class="z-2 absolute bottom--1"><div class="relative dib" data-id="51259387"><button class="w_hhLG w_8nsR w_jDfj pointer bn sans-serif b ph2 flex items-center justify-center w-auto shadow-1" type="button" data-pcss-hide="true" data-automation-id="add-to-cart" aria-label="Add to cart - Fresh Red Grapefruit, Each"><i class="ld ld-Plus" style="font-size:1.5rem;vertical-align:-0.25em;width:1.5rem;height:1.5rem;box-sizing:content-box" title="add to cart"></i><span class="mr2">Add</span></button></div></div></div><div class="mt5 mb0" style="height:24px" data-testid="variant-51259387"></div><div data-automation-id="product-price" class="flex flex-wrap justify-start items-center lh-title mb1-m"><div class="mr1 mr2-xl b black lh-copy f5 f4-l" aria-hidden="true">$1.18</div><span class="w_iUH7">current price $1.18</span></div><span class=""><span class="w_V_DM" style="-webkit-line-clamp:3;padding-bottom:0em;margin-bottom:-0em"><span data-automation-id="product-title" class="normal dark-gray mb0 mt1 lh-title f6 f5-l">Fresh Red Grapefruit, Each</span></span></span><div class="flex items-center mt2"><span class="black inline-flex mr1"><i class="ld ld-StarFill" style="font-size:12px;vertical-align:-0.175em;width:12px;height:12px;box-sizing:content-box" aria-hidden="true"></i><i class="ld ld-StarFill" style="font-size:12px;vertical-align:-0.175em;width:12px;height:12px;box-sizing:content-box" aria-hidden="true"></i><i class="ld ld-StarHalf" style="font-size:12px;vertical-align:-0.175em;width:12px;height:12px;box-sizing:content-box" aria-hidden="true"></i><i class="ld ld-Star" style="font-size:12px;vertical-align:-0.175em;width:12px;height:12px;box-sizing:content-box" aria-hidden="true"></i><i class="ld ld-Star" style="font-size:12px;vertical-align:-0.175em;width:12px;height:12px;box-sizing:content-box" aria-hidden="true"></i></span><span class="sans-serif gray f7" aria-hidden="true">541</span><span class="w_iUH7">2.4 out of 5 Stars. 541 reviews</span></div><div></div><div class="mb2 mt2"><span class="w_iUH7">Available for Pickup or Delivery</span><span class="w_VbBP w_mFV6 w_I_19 w_3oNC w_AAn7 mr1 mt1 ph1" aria-hidden="true">Pickup</span><span class="w_VbBP w_mFV6 w_I_19 w_3oNC w_AAn7 mr1 mt1 ph1" aria-hidden="true">Delivery</span></div></div></li><li class="flex flex-column items-center pa1 pr2 pb2" data-slide="8"><div role="group" data-item-id="51259195" class="sans-serif mid-gray relative flex flex-column w-100 h-100 hide-child-opacity" data-testid="product-tile-8" aria-label="Product"><a link-identifier="51259195" class="absolute w-100 h-100 z-1 hide-sibling-opacity" target="" href="/ip/Fresh-Red-Grapefruit-5-lb-Bag/51259195?athcpid=51259195&amp;athpgid=AthenaContentPage_5306523&amp;athcgid=null&amp;athznid=ItemCarousel_3d794dd4-7a8b-4665-a4ae-ebabdc512f58_items&amp;athieid=v0&amp;athstid=CS020&amp;athguid=RlEjjy3vFDoOKlTIw3pddki_Ijj7yfueE6BV&amp;athancid=null&amp;athena=true"><span class="w_iUH7"><h3>Fresh Red Grapefruit, 5 lb Bag</h3></span></a><div class="h2 relative mv2"></div><div class="relative"><div class="relative overflow-hidden" style="max-width:226px;height:0;padding-bottom:min(226px, 100%);align-self:center;width:min(226px, 100%)"><img loading="lazy" srcset="https://i5.walmartimages.com/asr/9b84af97-6b8d-4eae-b425-f5c61f424ac5.24cc26efbf95c43c758eac871c485527.jpeg?odnHeight=226&amp;odnWidth=226&amp;odnBg=FFFFFF 1x, https://i5.walmartimages.com/asr/9b84af97-6b8d-4eae-b425-f5c61f424ac5.24cc26efbf95c43c758eac871c485527.jpeg?odnHeight=576&amp;odnWidth=576&amp;odnBg=FFFFFF 2x" src="https://i5.walmartimages.com/asr/9b84af97-6b8d-4eae-b425-f5c61f424ac5.24cc26efbf95c43c758eac871c485527.jpeg?odnHeight=576&amp;odnWidth=576&amp;odnBg=FFFFFF" width="" height="" class="absolute top-0 left-0" data-testid="productTileImage" alt="Fresh Red Grapefruit, 5 lb Bag"/></div><div class="z-2 absolute bottom--1"><div class="relative dib" data-id="51259195"><button class="w_hhLG w_8nsR w_jDfj pointer bn sans-serif b ph2 flex items-center justify-center w-auto shadow-1" type="button" data-pcss-hide="true" data-automation-id="add-to-cart" aria-label="Add to cart - Fresh Red Grapefruit, 5 lb Bag"><i class="ld ld-Plus" style="font-size:1.5rem;vertical-align:-0.25em;width:1.5rem;height:1.5rem;box-sizing:content-box" title="add to cart"></i><span class="mr2">Add</span></button></div></div></div><div class="mt5 mb0" style="height:24px" data-testid="variant-51259195"></div><div data-automation-id="product-price" class="flex flex-wrap justify-start items-center lh-title mb1-m"><div class="mr1 mr2-xl b black lh-copy f5 f4-l" aria-hidden="true">$5.98</div><span class="w_iUH7">current price $5.98</span><div class="gray mr1 f7 f6-l">$1.20/lb</div></div><span class=""><span class="w_V_DM" style="-webkit-line-clamp:3;padding-bottom:0em;margin-bottom:-0em"><span data-automation-id="product-title" class="normal dark-gray mb0 mt1 lh-title f6 f5-l">Fresh Red Grapefruit, 5 lb Bag</span></span></span><div class="flex items-center mt2"><span class="black inline-flex mr1"><i class="ld ld-StarFill" style="font-size:12px;vertical-align:-0.175em;width:12px;height:12px;box-sizing:content-box" aria-hidden="true"></i><i class="ld ld-StarFill" style="font-size:12px;vertical-align:-0.175em;width:12px;height:12px;box-sizing:content-box" aria-hidden="true"></i><i class="ld ld-Star" style="font-size:12px;vertical-align:-0.175em;width:12px;height:12px;box-sizing:content-box" aria-hidden="true"></i><i class="ld ld-Star" style="font-size:12px;vertical-align:-0.175em;width:12px;height:12px;box-sizing:content-box" aria-hidden="true"></i><i class="ld ld-Star" style="font-size:12px;vertical-align:-0.175em;width:12px;height:12px;box-sizing:content-box" aria-hidden="true"></i></span><span class="sans-serif gray f7" aria-hidden="true">213</span><span class="w_iUH7">1.9 out of 5 Stars. 213 reviews</span></div><div></div><div class="mb2 mt2"><span class="w_iUH7">Available for Pickup or Delivery</span><span class="w_VbBP w_mFV6 w_I_19 w_3oNC w_AAn7 mr1 mt1 ph1" aria-hidden="true">Pickup</span><span class="w_VbBP w_mFV6 w_I_19 w_3oNC w_AAn7 mr1 mt1 ph1" aria-hidden="true">Delivery</span></div></div></li></ul><a link-identifier="horizontalScrollerNext" class="absolute dn z-5 bg-white br-100 pa0 pointer db-l br-100 nav-control right-1" aria-label="Next slide for Product Carousel list" data-testid="horizontal-scroller-next" role="button"><i class="ld ld-ChevronRight" style="font-size:1.5rem;vertical-align:-0.25em;padding:12px;width:1.5rem;height:1.5rem;box-sizing:content-box"></i></a></div></section></section></div> <div class="mv3 mv4-xl ml3 ml0-l bb b--near-white"><section><section><header class="flex justify-between mb3 mb2-m pr3 pr4-m pr0-xl items-baseline"><section style="flex:1"><div><div><div class="inline-flex "><h2 class="f4 f3-m lh-title ma0 ">Salad on the go</h2></div></div></div></section></header><div class="flex flex-column justify-center relative" data-testid="horizontal-scroller-Product Carousel"><a link-identifier="horizontalScrollerPrevious" class="absolute dn z-5 bg-white br-100 pa0 pointer hidden-child br-100 nav-control left-1" aria-label="Previous slide for Product Carousel list" data-testid="horizontal-scroller-previous" role="button"><i class="ld ld-ChevronLeft" style="font-size:1.5rem;vertical-align:-0.25em;padding:12px;width:1.5rem;height:1.5rem;box-sizing:content-box"></i></a><ul style="display:grid;grid-auto-flow:column;scroll-snap-type:x mandatory;max-height:fit-content" class="list ma0 pl0 overflow-x-scroll hidesb hidesb-wk relative overflow-y-hidden carousel-peek-2 carousel-6-l carousel-3-m pr3-m" data-testid="carousel-container"><li class="flex flex-column items-center pa1 pr2 pb2" data-slide="0"><div role="group" data-item-id="812498775" class="sans-serif mid-gray relative flex flex-column w-100 h-100 hide-child-opacity" data-testid="product-tile-0" aria-label="Product"><a link-identifier="812498775" class="absolute w-100 h-100 z-1 hide-sibling-opacity" target="" href="/ip/Marketside-Southwest-Style-Salad-with-Chicken-Family-Sized-11-75-oz-Bowl-Fresh/812498775?athcpid=812498775&amp;athpgid=AthenaContentPage_5306523&amp;athcgid=null&amp;athznid=ItemCarousel_0505b702-d051-4afb-8497-8a00e2c2c0f1_items&amp;athieid=v0&amp;athstid=CS020&amp;athguid=RlEjjy3vFDoOKlTIw3pddki_Ijj7yfueE6BV&amp;athancid=null&amp;athena=true"><span class="w_iUH7"><h3>Marketside Southwest Style Salad with Chicken Family Sized, 11.75 oz Bowl, Fresh</h3></span></a><div class="h2 relative mv2"></div><div class="relative"><div class="relative overflow-hidden" style="max-width:226px;height:0;padding-bottom:min(226px, 100%);align-self:center;width:min(226px, 100%)"><img loading="lazy" srcset="https://i5.walmartimages.com/asr/76429826-cf3f-4574-970f-6614f834a9cf.1867b595598ffd3402d92e5a6ce7d61b.jpeg?odnHeight=226&amp;odnWidth=226&amp;odnBg=FFFFFF 1x, https://i5.walmartimages.com/asr/76429826-cf3f-4574-970f-6614f834a9cf.1867b595598ffd3402d92e5a6ce7d61b.jpeg?odnHeight=576&amp;odnWidth=576&amp;odnBg=FFFFFF 2x" src="https://i5.walmartimages.com/asr/76429826-cf3f-4574-970f-6614f834a9cf.1867b595598ffd3402d92e5a6ce7d61b.jpeg?odnHeight=576&amp;odnWidth=576&amp;odnBg=FFFFFF" width="" height="" class="absolute top-0 left-0" data-testid="productTileImage" alt="Marketside Southwest Style Salad with Chicken Family Sized, 11.75 oz Bowl, Fresh"/></div><div class="z-2 absolute bottom--1"><div class="relative dib" data-id="812498775"><button class="w_hhLG w_8nsR w_jDfj pointer bn sans-serif b ph2 flex items-center justify-center w-auto shadow-1" type="button" data-pcss-hide="true" data-automation-id="add-to-cart" aria-label="Add to cart - Marketside Southwest Style Salad with Chicken Family Sized, 11.75 oz Bowl, Fresh"><i class="ld ld-Plus" style="font-size:1.5rem;vertical-align:-0.25em;width:1.5rem;height:1.5rem;box-sizing:content-box" title="add to cart"></i><span class="mr2">Add</span></button></div></div></div><div class="mt5 mb0" style="height:24px" data-testid="variant-812498775"></div><div data-automation-id="product-price" class="flex flex-wrap justify-start items-center lh-title mb1-m"><div class="mr1 mr2-xl b black lh-copy f5 f4-l" aria-hidden="true">$5.34</div><span class="w_iUH7">current price $5.34</span><div class="gray mr1 f7 f6-l">45.4 ¢/oz</div></div><span class=""><span class="w_V_DM" style="-webkit-line-clamp:3;padding-bottom:0em;margin-bottom:-0em"><span data-automation-id="product-title" class="normal dark-gray mb0 mt1 lh-title f6 f5-l">Marketside Southwest Style Salad with Chicken Family Sized, 11.75 oz Bowl, Fresh</span></span></span><div></div><div class="mb2 mt2"><span class="w_iUH7">Available for Pickup or Delivery</span><span class="w_VbBP w_mFV6 w_I_19 w_3oNC w_AAn7 mr1 mt1 ph1" aria-hidden="true">Pickup</span><span class="w_VbBP w_mFV6 w_I_19 w_3oNC w_AAn7 mr1 mt1 ph1" aria-hidden="true">Delivery</span></div></div></li><li class="flex flex-column items-center pa1 pr2 pb2" data-slide="1"><div role="group" data-item-id="215031623" class="sans-serif mid-gray relative flex flex-column w-100 h-100 hide-child-opacity" data-testid="product-tile-1" aria-label="Product"><a link-identifier="215031623" class="absolute w-100 h-100 z-1 hide-sibling-opacity" target="" href="/ip/Marketside-Santa-Fe-Style-Salad-with-Chicken-6-35-oz-Bowl-Fresh/215031623?athcpid=215031623&amp;athpgid=AthenaContentPage_5306523&amp;athcgid=null&amp;athznid=ItemCarousel_0505b702-d051-4afb-8497-8a00e2c2c0f1_items&amp;athieid=v0&amp;athstid=CS020&amp;athguid=RlEjjy3vFDoOKlTIw3pddki_Ijj7yfueE6BV&amp;athancid=null&amp;athena=true"><span class="w_iUH7"><h3>Marketside Santa Fe Style Salad with Chicken, 6.35 oz Bowl, Fresh</h3></span></a><div class="h2 relative mv2"></div><div class="relative"><div class="relative overflow-hidden" style="max-width:226px;height:0;padding-bottom:min(226px, 100%);align-self:center;width:min(226px, 100%)"><img loading="lazy" srcset="https://i5.walmartimages.com/asr/7d1b9fbc-068e-43d1-8fec-a3667deb7144.1e675c467ec07d0acffe009be633a2b6.jpeg?odnHeight=226&amp;odnWidth=226&amp;odnBg=FFFFFF 1x, https://i5.walmartimages.com/asr/7d1b9fbc-068e-43d1-8fec-a3667deb7144.1e675c467ec07d0acffe009be633a2b6.jpeg?odnHeight=576&amp;odnWidth=576&amp;odnBg=FFFFFF 2x" src="https://i5.walmartimages.com/asr/7d1b9fbc-068e-43d1-8fec-a3667deb7144.1e675c467ec07d0acffe009be633a2b6.jpeg?odnHeight=576&amp;odnWidth=576&amp;odnBg=FFFFFF" width="" height="" class="absolute top-0 left-0" data-testid="productTileImage" alt="Marketside Santa Fe Style Salad with Chicken, 6.35 oz Bowl, Fresh"/></div><div class="z-2 absolute bottom--1"><div class="relative dib" data-id="215031623"><button class="w_hhLG w_8nsR w_jDfj pointer bn sans-serif b ph2 flex items-center justify-center w-auto shadow-1" type="button" data-pcss-hide="true" data-automation-id="add-to-cart" aria-label="Add to cart - Marketside Santa Fe Style Salad with Chicken, 6.35 oz Bowl, Fresh"><i class="ld ld-Plus" style="font-size:1.5rem;vertical-align:-0.25em;width:1.5rem;height:1.5rem;box-sizing:content-box" title="add to cart"></i><span class="mr2">Add</span></button></div></div></div><div class="mt5 mb0" style="height:24px" data-testid="variant-215031623"></div><div data-automation-id="product-price" class="flex flex-wrap justify-start items-center lh-title mb1-m"><div class="mr1 mr2-xl b black lh-copy f5 f4-l" aria-hidden="true">$2.97</div><span class="w_iUH7">current price $2.97</span><div class="gray mr1 f7 f6-l">46.8 ¢/oz</div></div><span class=""><span class="w_V_DM" style="-webkit-line-clamp:3;padding-bottom:0em;margin-bottom:-0em"><span data-automation-id="product-title" class="normal dark-gray mb0 mt1 lh-title f6 f5-l">Marketside Santa Fe Style Salad with Chicken, 6.35 oz Bowl, Fresh</span></span></span><div></div><div class="mb2 mt2"><span class="w_iUH7">Available for Pickup or Delivery</span><span class="w_VbBP w_mFV6 w_I_19 w_3oNC w_AAn7 mr1 mt1 ph1" aria-hidden="true">Pickup</span><span class="w_VbBP w_mFV6 w_I_19 w_3oNC w_AAn7 mr1 mt1 ph1" aria-hidden="true">Delivery</span></div></div></li><li class="flex flex-column items-center pa1 pr2 pb2" data-slide="2"><div role="group" data-item-id="647462356" class="sans-serif mid-gray relative flex flex-column w-100 h-100 hide-child-opacity" data-testid="product-tile-2" aria-label="Product"><a link-identifier="647462356" class="absolute w-100 h-100 z-1 hide-sibling-opacity" target="" href="/ip/Marketside-Cobb-Salad-with-Turkey-and-Uncured-Bacon-Salad-7-25-oz-Bowl-Fresh/647462356?athcpid=647462356&amp;athpgid=AthenaContentPage_5306523&amp;athcgid=null&amp;athznid=ItemCarousel_0505b702-d051-4afb-8497-8a00e2c2c0f1_items&amp;athieid=v0&amp;athstid=CS020&amp;athguid=RlEjjy3vFDoOKlTIw3pddki_Ijj7yfueE6BV&amp;athancid=null&amp;athena=true"><span class="w_iUH7"><h3>Marketside Cobb Salad with Turkey and Uncured Bacon Salad, 7.25 oz Bowl, Fresh</h3></span></a><div class="h2 relative mv2"></div><div class="relative"><div class="relative overflow-hidden" style="max-width:226px;height:0;padding-bottom:min(226px, 100%);align-self:center;width:min(226px, 100%)"><img loading="lazy" srcset="https://i5.walmartimages.com/asr/b4770707-76ac-48e6-937d-5c25b71c6f36.2d7ab4a4ded2a90fe85c96950eab6b95.jpeg?odnHeight=226&amp;odnWidth=226&amp;odnBg=FFFFFF 1x, https://i5.walmartimages.com/asr/b4770707-76ac-48e6-937d-5c25b71c6f36.2d7ab4a4ded2a90fe85c96950eab6b95.jpeg?odnHeight=576&amp;odnWidth=576&amp;odnBg=FFFFFF 2x" src="https://i5.walmartimages.com/asr/b4770707-76ac-48e6-937d-5c25b71c6f36.2d7ab4a4ded2a90fe85c96950eab6b95.jpeg?odnHeight=576&amp;odnWidth=576&amp;odnBg=FFFFFF" width="" height="" class="absolute top-0 left-0" data-testid="productTileImage" alt="Marketside Cobb Salad with Turkey and Uncured Bacon Salad, 7.25 oz Bowl, Fresh"/></div><div class="z-2 absolute bottom--1"><div class="relative dib" data-id="647462356"><button class="w_hhLG w_8nsR w_jDfj pointer bn sans-serif b ph2 flex items-center justify-center w-auto shadow-1" type="button" data-pcss-hide="true" data-automation-id="add-to-cart" aria-label="Add to cart - Marketside Cobb Salad with Turkey and Uncured Bacon Salad, 7.25 oz Bowl, Fresh"><i class="ld ld-Plus" style="font-size:1.5rem;vertical-align:-0.25em;width:1.5rem;height:1.5rem;box-sizing:content-box" title="add to cart"></i><span class="mr2">Add</span></button></div></div></div><div class="mt5 mb0" style="height:24px" data-testid="variant-647462356"></div><div data-automation-id="product-price" class="flex flex-wrap justify-start items-center lh-title mb1-m"><div class="mr1 mr2-xl b black lh-copy f5 f4-l" aria-hidden="true">$2.97</div><span class="w_iUH7">current price $2.97</span><div class="gray mr1 f7 f6-l">41.0 ¢/oz</div></div><span class=""><span class="w_V_DM" style="-webkit-line-clamp:3;padding-bottom:0em;margin-bottom:-0em"><span data-automation-id="product-title" class="normal dark-gray mb0 mt1 lh-title f6 f5-l">Marketside Cobb Salad with Turkey and Uncured Bacon Salad, 7.25 oz Bowl, Fresh</span></span></span><div></div><div class="mb2 mt2"><span class="w_iUH7">Available for Pickup or Delivery</span><span class="w_VbBP w_mFV6 w_I_19 w_3oNC w_AAn7 mr1 mt1 ph1" aria-hidden="true">Pickup</span><span class="w_VbBP w_mFV6 w_I_19 w_3oNC w_AAn7 mr1 mt1 ph1" aria-hidden="true">Delivery</span></div></div></li><li class="flex flex-column items-center pa1 pr2 pb2" data-slide="3"><div role="group" data-item-id="354597545" class="sans-serif mid-gray relative flex flex-column w-100 h-100 hide-child-opacity" data-testid="product-tile-3" aria-label="Product"><a link-identifier="354597545" class="absolute w-100 h-100 z-1 hide-sibling-opacity" target="" href="/ip/Marketside-Caesar-Salad-with-Chicken-12-oz-Bowl-Fresh/354597545?athcpid=354597545&amp;athpgid=AthenaContentPage_5306523&amp;athcgid=null&amp;athznid=ItemCarousel_0505b702-d051-4afb-8497-8a00e2c2c0f1_items&amp;athieid=v0&amp;athstid=CS020&amp;athguid=RlEjjy3vFDoOKlTIw3pddki_Ijj7yfueE6BV&amp;athancid=null&amp;athena=true"><span class="w_iUH7"><h3>Marketside Caesar Salad with Chicken, 12 oz Bowl, Fresh</h3></span></a><div class="h2 relative mv2"></div><div class="relative"><div class="relative overflow-hidden" style="max-width:226px;height:0;padding-bottom:min(226px, 100%);align-self:center;width:min(226px, 100%)"><img loading="lazy" srcset="https://i5.walmartimages.com/asr/5f4879a1-ae8c-4d36-b4d6-a92386cf62eb.1be0c133c27ca6353aa7ce335b0b07fe.jpeg?odnHeight=226&amp;odnWidth=226&amp;odnBg=FFFFFF 1x, https://i5.walmartimages.com/asr/5f4879a1-ae8c-4d36-b4d6-a92386cf62eb.1be0c133c27ca6353aa7ce335b0b07fe.jpeg?odnHeight=576&amp;odnWidth=576&amp;odnBg=FFFFFF 2x" src="https://i5.walmartimages.com/asr/5f4879a1-ae8c-4d36-b4d6-a92386cf62eb.1be0c133c27ca6353aa7ce335b0b07fe.jpeg?odnHeight=576&amp;odnWidth=576&amp;odnBg=FFFFFF" width="" height="" class="absolute top-0 left-0" data-testid="productTileImage" alt="Marketside Caesar Salad with Chicken, 12 oz Bowl, Fresh"/></div><div class="z-2 absolute bottom--1"><div class="relative dib" data-id="354597545"><button class="w_hhLG w_8nsR w_jDfj pointer bn sans-serif b ph2 flex items-center justify-center w-auto shadow-1" type="button" data-pcss-hide="true" data-automation-id="add-to-cart" aria-label="Add to cart - Marketside Caesar Salad with Chicken, 12 oz Bowl, Fresh"><i class="ld ld-Plus" style="font-size:1.5rem;vertical-align:-0.25em;width:1.5rem;height:1.5rem;box-sizing:content-box" title="add to cart"></i><span class="mr2">Add</span></button></div></div></div><div class="mt5 mb0" style="height:24px" data-testid="variant-354597545"></div><div data-automation-id="product-price" class="flex flex-wrap justify-start items-center lh-title mb1-m"><div class="mr1 mr2-xl b black lh-copy f5 f4-l" aria-hidden="true">$5.34</div><span class="w_iUH7">current price $5.34</span><div class="gray mr1 f7 f6-l">44.5 ¢/oz</div></div><span class=""><span class="w_V_DM" style="-webkit-line-clamp:3;padding-bottom:0em;margin-bottom:-0em"><span data-automation-id="product-title" class="normal dark-gray mb0 mt1 lh-title f6 f5-l">Marketside Caesar Salad with Chicken, 12 oz Bowl, Fresh</span></span></span><div></div><div class="mb2 mt2"><span class="w_iUH7">Available for Pickup or Delivery</span><span class="w_VbBP w_mFV6 w_I_19 w_3oNC w_AAn7 mr1 mt1 ph1" aria-hidden="true">Pickup</span><span class="w_VbBP w_mFV6 w_I_19 w_3oNC w_AAn7 mr1 mt1 ph1" aria-hidden="true">Delivery</span></div></div></li><li class="flex flex-column items-center pa1 pr2 pb2" data-slide="4"><div role="group" data-item-id="244663920" class="sans-serif mid-gray relative flex flex-column w-100 h-100 hide-child-opacity" data-testid="product-tile-4" aria-label="Product"><a link-identifier="244663920" class="absolute w-100 h-100 z-1 hide-sibling-opacity" target="" href="/ip/Marketside-Caesar-Salad-with-Chicken-6-25-oz-Bowl-Fresh/244663920?athcpid=244663920&amp;athpgid=AthenaContentPage_5306523&amp;athcgid=null&amp;athznid=ItemCarousel_0505b702-d051-4afb-8497-8a00e2c2c0f1_items&amp;athieid=v0&amp;athstid=CS020&amp;athguid=RlEjjy3vFDoOKlTIw3pddki_Ijj7yfueE6BV&amp;athancid=null&amp;athena=true&amp;athbdg=L1600"><span class="w_iUH7"><h3>Marketside Caesar Salad with Chicken, 6.25 oz Bowl, Fresh</h3></span></a><div class="h2 relative mv2"><span class="w_VbBP w_mFV6 w_awtt w_3oNC w_3H8O tag-leading-badge absolute">Best seller</span></div><div class="relative"><div class="relative overflow-hidden" style="max-width:226px;height:0;padding-bottom:min(226px, 100%);align-self:center;width:min(226px, 100%)"><img loading="lazy" srcset="https://i5.walmartimages.com/asr/942cf6ad-fd67-466b-b547-00330b74062d.4770ed07e358a52ab50e379abf1bb5ea.jpeg?odnHeight=226&amp;odnWidth=226&amp;odnBg=FFFFFF 1x, https://i5.walmartimages.com/asr/942cf6ad-fd67-466b-b547-00330b74062d.4770ed07e358a52ab50e379abf1bb5ea.jpeg?odnHeight=576&amp;odnWidth=576&amp;odnBg=FFFFFF 2x" src="https://i5.walmartimages.com/asr/942cf6ad-fd67-466b-b547-00330b74062d.4770ed07e358a52ab50e379abf1bb5ea.jpeg?odnHeight=576&amp;odnWidth=576&amp;odnBg=FFFFFF" width="" height="" class="absolute top-0 left-0" data-testid="productTileImage" alt="Marketside Caesar Salad with Chicken, 6.25 oz Bowl, Fresh"/></div><div class="z-2 absolute bottom--1"><div class="relative dib" data-id="244663920"><button class="w_hhLG w_8nsR w_jDfj pointer bn sans-serif b ph2 flex items-center justify-center w-auto shadow-1" type="button" data-pcss-hide="true" data-automation-id="add-to-cart" aria-label="Add to cart - Marketside Caesar Salad with Chicken, 6.25 oz Bowl, Fresh"><i class="ld ld-Plus" style="font-size:1.5rem;vertical-align:-0.25em;width:1.5rem;height:1.5rem;box-sizing:content-box" title="add to cart"></i><span class="mr2">Add</span></button></div></div></div><div class="mt5 mb0" style="height:24px" data-testid="variant-244663920"></div><div data-automation-id="product-price" class="flex flex-wrap justify-start items-center lh-title mb1-m"><div class="mr1 mr2-xl b black lh-copy f5 f4-l" aria-hidden="true">$2.97</div><span class="w_iUH7">current price $2.97</span><div class="gray mr1 f7 f6-l">47.5 ¢/oz</div></div><span class=""><span class="w_V_DM" style="-webkit-line-clamp:3;padding-bottom:0em;margin-bottom:-0em"><span data-automation-id="product-title" class="normal dark-gray mb0 mt1 lh-title f6 f5-l">Marketside Caesar Salad with Chicken, 6.25 oz Bowl, Fresh</span></span></span><div></div><div class="mb2 mt2"><span class="w_iUH7">Available for Pickup or Delivery</span><span class="w_VbBP w_mFV6 w_I_19 w_3oNC w_AAn7 mr1 mt1 ph1" aria-hidden="true">Pickup</span><span class="w_VbBP w_mFV6 w_I_19 w_3oNC w_AAn7 mr1 mt1 ph1" aria-hidden="true">Delivery</span></div></div></li><li class="flex flex-column items-center pa1 pr2 pb2" data-slide="5"><div role="group" data-item-id="825580634" class="sans-serif mid-gray relative flex flex-column w-100 h-100 hide-child-opacity" data-testid="product-tile-5" aria-label="Product"><a link-identifier="825580634" class="absolute w-100 h-100 z-1 hide-sibling-opacity" target="" href="/ip/Marketside-Cranberry-Walnut-Salad-4-5-oz-Bowl-Fresh/825580634?athcpid=825580634&amp;athpgid=AthenaContentPage_5306523&amp;athcgid=null&amp;athznid=ItemCarousel_0505b702-d051-4afb-8497-8a00e2c2c0f1_items&amp;athieid=v0&amp;athstid=CS020&amp;athguid=RlEjjy3vFDoOKlTIw3pddki_Ijj7yfueE6BV&amp;athancid=null&amp;athena=true"><span class="w_iUH7"><h3>Marketside Cranberry Walnut Salad, 4.5 oz Bowl, Fresh</h3></span></a><div class="h2 relative mv2"></div><div class="relative"><div class="relative overflow-hidden" style="max-width:226px;height:0;padding-bottom:min(226px, 100%);align-self:center;width:min(226px, 100%)"><img loading="lazy" srcset="https://i5.walmartimages.com/asr/1e752e62-ffb5-40b7-a6c7-6fbc3200f03b.6a100ee66c9fab4d2859e2cbafd55dbb.jpeg?odnHeight=226&amp;odnWidth=226&amp;odnBg=FFFFFF 1x, https://i5.walmartimages.com/asr/1e752e62-ffb5-40b7-a6c7-6fbc3200f03b.6a100ee66c9fab4d2859e2cbafd55dbb.jpeg?odnHeight=576&amp;odnWidth=576&amp;odnBg=FFFFFF 2x" src="https://i5.walmartimages.com/asr/1e752e62-ffb5-40b7-a6c7-6fbc3200f03b.6a100ee66c9fab4d2859e2cbafd55dbb.jpeg?odnHeight=576&amp;odnWidth=576&amp;odnBg=FFFFFF" width="" height="" class="absolute top-0 left-0" data-testid="productTileImage" alt="Marketside Cranberry Walnut Salad, 4.5 oz Bowl, Fresh"/></div><div class="z-2 absolute bottom--1"><div class="relative dib" data-id="825580634"><button class="w_hhLG w_8nsR w_jDfj pointer bn sans-serif b ph2 flex items-center justify-center w-auto shadow-1" type="button" data-pcss-hide="true" data-automation-id="add-to-cart" aria-label="Add to cart - Marketside Cranberry Walnut Salad, 4.5 oz Bowl, Fresh"><i class="ld ld-Plus" style="font-size:1.5rem;vertical-align:-0.25em;width:1.5rem;height:1.5rem;box-sizing:content-box" title="add to cart"></i><span class="mr2">Add</span></button></div></div></div><div class="mt5 mb0" style="height:24px" data-testid="variant-825580634"></div><div data-automation-id="product-price" class="flex flex-wrap justify-start items-center lh-title mb1-m"><div class="mr1 mr2-xl b black lh-copy f5 f4-l" aria-hidden="true">$2.97</div><span class="w_iUH7">current price $2.97</span><div class="gray mr1 f7 f6-l">66.0 ¢/oz</div></div><span class=""><span class="w_V_DM" style="-webkit-line-clamp:3;padding-bottom:0em;margin-bottom:-0em"><span data-automation-id="product-title" class="normal dark-gray mb0 mt1 lh-title f6 f5-l">Marketside Cranberry Walnut Salad, 4.5 oz Bowl, Fresh</span></span></span><div></div><div class="mb2 mt2"><span class="w_iUH7">Available for Pickup or Delivery</span><span class="w_VbBP w_mFV6 w_I_19 w_3oNC w_AAn7 mr1 mt1 ph1" aria-hidden="true">Pickup</span><span class="w_VbBP w_mFV6 w_I_19 w_3oNC w_AAn7 mr1 mt1 ph1" aria-hidden="true">Delivery</span></div></div></li><li class="flex flex-column items-center pa1 pr2 pb2" data-slide="6"><div role="group" data-item-id="128485726" class="sans-serif mid-gray relative flex flex-column w-100 h-100 hide-child-opacity" data-testid="product-tile-6" aria-label="Product"><a link-identifier="128485726" class="absolute w-100 h-100 z-1 hide-sibling-opacity" target="" href="/ip/Marketside-Spinach-Dijon-Salad-4-9-oz-Bowl-Fresh/128485726?athcpid=128485726&amp;athpgid=AthenaContentPage_5306523&amp;athcgid=null&amp;athznid=ItemCarousel_0505b702-d051-4afb-8497-8a00e2c2c0f1_items&amp;athieid=v0&amp;athstid=CS020&amp;athguid=RlEjjy3vFDoOKlTIw3pddki_Ijj7yfueE6BV&amp;athancid=null&amp;athena=true"><span class="w_iUH7"><h3>Marketside Spinach Dijon Salad, 4.9 oz Bowl, Fresh</h3></span></a><div class="h2 relative mv2"></div><div class="relative"><div class="relative overflow-hidden" style="max-width:226px;height:0;padding-bottom:min(226px, 100%);align-self:center;width:min(226px, 100%)"><img loading="lazy" srcset="https://i5.walmartimages.com/asr/e2aacb16-64de-40ba-b6f2-4720aaa16700.ba28325f0aa0d6208cd06f4f945bc932.jpeg?odnHeight=226&amp;odnWidth=226&amp;odnBg=FFFFFF 1x, https://i5.walmartimages.com/asr/e2aacb16-64de-40ba-b6f2-4720aaa16700.ba28325f0aa0d6208cd06f4f945bc932.jpeg?odnHeight=576&amp;odnWidth=576&amp;odnBg=FFFFFF 2x" src="https://i5.walmartimages.com/asr/e2aacb16-64de-40ba-b6f2-4720aaa16700.ba28325f0aa0d6208cd06f4f945bc932.jpeg?odnHeight=576&amp;odnWidth=576&amp;odnBg=FFFFFF" width="" height="" class="absolute top-0 left-0" data-testid="productTileImage" alt="Marketside Spinach Dijon Salad, 4.9 oz Bowl, Fresh"/></div><div class="z-2 absolute bottom--1"><div class="relative dib" data-id="128485726"><button class="w_hhLG w_8nsR w_jDfj pointer bn sans-serif b ph2 flex items-center justify-center w-auto shadow-1" type="button" data-pcss-hide="true" data-automation-id="add-to-cart" aria-label="Add to cart - Marketside Spinach Dijon Salad, 4.9 oz Bowl, Fresh"><i class="ld ld-Plus" style="font-size:1.5rem;vertical-align:-0.25em;width:1.5rem;height:1.5rem;box-sizing:content-box" title="add to cart"></i><span class="mr2">Add</span></button></div></div></div><div class="mt5 mb0" style="height:24px" data-testid="variant-128485726"></div><div data-automation-id="product-price" class="flex flex-wrap justify-start items-center lh-title mb1-m"><div class="mr1 mr2-xl b black lh-copy f5 f4-l" aria-hidden="true">$2.97</div><span class="w_iUH7">current price $2.97</span><div class="gray mr1 f7 f6-l">60.6 ¢/oz</div></div><span class=""><span class="w_V_DM" style="-webkit-line-clamp:3;padding-bottom:0em;margin-bottom:-0em"><span data-automation-id="product-title" class="normal dark-gray mb0 mt1 lh-title f6 f5-l">Marketside Spinach Dijon Salad, 4.9 oz Bowl, Fresh</span></span></span><div></div><div class="mb2 mt2"><span class="w_iUH7">Available for Pickup or Delivery</span><span class="w_VbBP w_mFV6 w_I_19 w_3oNC w_AAn7 mr1 mt1 ph1" aria-hidden="true">Pickup</span><span class="w_VbBP w_mFV6 w_I_19 w_3oNC w_AAn7 mr1 mt1 ph1" aria-hidden="true">Delivery</span></div></div></li><li class="flex flex-column items-center pa1 pr2 pb2" data-slide="7"><div role="group" data-item-id="748710581" class="sans-serif mid-gray relative flex flex-column w-100 h-100 hide-child-opacity" data-testid="product-tile-7" aria-label="Product"><a link-identifier="748710581" class="absolute w-100 h-100 z-1 hide-sibling-opacity" target="" href="/ip/Marketside-Chef-Salad-with-Uncured-Ham-and-Turkey-7-25-oz-Bowl-Fresh/748710581?athcpid=748710581&amp;athpgid=AthenaContentPage_5306523&amp;athcgid=null&amp;athznid=ItemCarousel_0505b702-d051-4afb-8497-8a00e2c2c0f1_items&amp;athieid=v0&amp;athstid=CS020&amp;athguid=RlEjjy3vFDoOKlTIw3pddki_Ijj7yfueE6BV&amp;athancid=null&amp;athena=true"><span class="w_iUH7"><h3>Marketside Chef Salad with Uncured Ham and Turkey, 7.25 oz Bowl, Fresh</h3></span></a><div class="h2 relative mv2"></div><div class="relative"><div class="relative overflow-hidden" style="max-width:226px;height:0;padding-bottom:min(226px, 100%);align-self:center;width:min(226px, 100%)"><img loading="lazy" srcset="https://i5.walmartimages.com/asr/b2298f2c-9cb4-46c7-bfdc-e8a9f92b3b4f.03dc472ac8806efe27ef7c7188bcd9a6.jpeg?odnHeight=226&amp;odnWidth=226&amp;odnBg=FFFFFF 1x, https://i5.walmartimages.com/asr/b2298f2c-9cb4-46c7-bfdc-e8a9f92b3b4f.03dc472ac8806efe27ef7c7188bcd9a6.jpeg?odnHeight=576&amp;odnWidth=576&amp;odnBg=FFFFFF 2x" src="https://i5.walmartimages.com/asr/b2298f2c-9cb4-46c7-bfdc-e8a9f92b3b4f.03dc472ac8806efe27ef7c7188bcd9a6.jpeg?odnHeight=576&amp;odnWidth=576&amp;odnBg=FFFFFF" width="" height="" class="absolute top-0 left-0" data-testid="productTileImage" alt="Marketside Chef Salad with Uncured Ham and Turkey, 7.25 oz Bowl, Fresh"/></div><div class="z-2 absolute bottom--1"><div class="relative dib" data-id="748710581"><button class="w_hhLG w_8nsR w_jDfj pointer bn sans-serif b ph2 flex items-center justify-center w-auto shadow-1" type="button" data-pcss-hide="true" data-automation-id="add-to-cart" aria-label="Add to cart - Marketside Chef Salad with Uncured Ham and Turkey, 7.25 oz Bowl, Fresh"><i class="ld ld-Plus" style="font-size:1.5rem;vertical-align:-0.25em;width:1.5rem;height:1.5rem;box-sizing:content-box" title="add to cart"></i><span class="mr2">Add</span></button></div></div></div><div class="mt5 mb0" style="height:24px" data-testid="variant-748710581"></div><div data-automation-id="product-price" class="flex flex-wrap justify-start items-center lh-title mb1-m"><div class="mr1 mr2-xl b black lh-copy f5 f4-l" aria-hidden="true">$2.97</div><span class="w_iUH7">current price $2.97</span><div class="gray mr1 f7 f6-l">41.0 ¢/oz</div></div><span class=""><span class="w_V_DM" style="-webkit-line-clamp:3;padding-bottom:0em;margin-bottom:-0em"><span data-automation-id="product-title" class="normal dark-gray mb0 mt1 lh-title f6 f5-l">Marketside Chef Salad with Uncured Ham and Turkey, 7.25 oz Bowl, Fresh</span></span></span><div></div><div class="mb2 mt2"><span class="w_iUH7">Available for Pickup or Delivery</span><span class="w_VbBP w_mFV6 w_I_19 w_3oNC w_AAn7 mr1 mt1 ph1" aria-hidden="true">Pickup</span><span class="w_VbBP w_mFV6 w_I_19 w_3oNC w_AAn7 mr1 mt1 ph1" aria-hidden="true">Delivery</span></div></div></li></ul><a link-identifier="horizontalScrollerNext" class="absolute dn z-5 bg-white br-100 pa0 pointer db-l br-100 nav-control right-1" aria-label="Next slide for Product Carousel list" data-testid="horizontal-scroller-next" role="button"><i class="ld ld-ChevronRight" style="font-size:1.5rem;vertical-align:-0.25em;padding:12px;width:1.5rem;height:1.5rem;box-sizing:content-box"></i></a></div></section></section></div> <section class="mv3 mv4-xl ml3 mr3-m mh0-l bb b--near-white bn-l"><div class="flex justify-between sans-serif mb3 items-baseline"><h2 class="f4 f3-m truncate ma0">Veggie-packed recipes</h2></div><div class="w_KPWk w_GxNv" role="list"><div class="w_aoqv w_wRee w_b0y1 w_1ZCx" role="listitem"><article class="sans-serif shadow-1 br3 w-100 bg-white"><a link-identifier="e15a5900-5bbb-11ed-8e06-bdb553f63a1c" class="no-underline" href="https://www.walmart.com/i/recipes/ratatouille/382617?povid=5306523_POV_card_ratatouille"><img loading="lazy" srcset="https://i5.walmartimages.com/dfw/4ff9c6c9-5802/k2-_1e8bc8e9-d4ed-4677-9fda-992a468ca874.v1.png?odnHeight=340&amp;odnWidth=604&amp;odnBg=FFFFFF 1x,
        https://i5.walmartimages.com/dfw/4ff9c6c9-5802/k2-_1e8bc8e9-d4ed-4677-9fda-992a468ca874.v1.png?odnHeight=680&amp;odnWidth=1208&amp;odnBg=FFFFFF 2x" src="https://i5.walmartimages.com/dfw/4ff9c6c9-5802/k2-_1e8bc8e9-d4ed-4677-9fda-992a468ca874.v1.png?odnHeight=340&amp;odnWidth=604&amp;odnBg=FFFFFF" alt="" class="w-100 br3 br--top db h-auto" width="604" height="340"/><div class="pa3 pb0"><h3 class="f4 ma0 mb1 mb2-xl dark-gray lh-title truncate">Ratatouille</h3><p class="f6 ma0 mid-gray lh-copy" style="height:2.5rem;overflow:hidden;text-overflow:ellipsis" title="Prep time: 30 minutes | Cook time: 1 hour">Prep time: 30 minutes | Cook time: 1 hour</p></div><span class="pv1 dib b mv3 ml3 ph3 f6 ba br4 b--black black bg-white hover-white hover-bg-black outline-0 no-underline">View and shop recipe</span></a></article></div><div class="w_aoqv w_wRee w_b0y1 w_1ZCx" role="listitem"><article class="sans-serif shadow-1 br3 w-100 bg-white"><a link-identifier="13012200-5c6f-11ed-9da9-07358b19a998" class="no-underline" href="https://www.walmart.com/i/recipes/simple-veggie-curry/382899?povid=5306523_POV_card_simple-veggie-curry"><img loading="lazy" srcset="https://i5.walmartimages.com/dfw/4ff9c6c9-d435/k2-_e575a323-2caa-456b-b7dc-40c6f156c3bf.v1.png?odnHeight=340&amp;odnWidth=604&amp;odnBg=FFFFFF 1x,
        https://i5.walmartimages.com/dfw/4ff9c6c9-d435/k2-_e575a323-2caa-456b-b7dc-40c6f156c3bf.v1.png?odnHeight=680&amp;odnWidth=1208&amp;odnBg=FFFFFF 2x" src="https://i5.walmartimages.com/dfw/4ff9c6c9-d435/k2-_e575a323-2caa-456b-b7dc-40c6f156c3bf.v1.png?odnHeight=340&amp;odnWidth=604&amp;odnBg=FFFFFF" alt="" class="w-100 br3 br--top db h-auto" width="604" height="340"/><div class="pa3 pb0"><h3 class="f4 ma0 mb1 mb2-xl dark-gray lh-title truncate">Simple veggie curry</h3><p class="f6 ma0 mid-gray lh-copy" style="height:2.5rem;overflow:hidden;text-overflow:ellipsis" title="Prep time: 20 minutes | Cook time: 25 minutes">Prep time: 20 minutes | Cook time: 25 minutes</p></div><span class="pv1 dib b mv3 ml3 ph3 f6 ba br4 b--black black bg-white hover-white hover-bg-black outline-0 no-underline">View and shop recipe</span></a></article></div></div></section> <div class="mv3 mv4-xl ml3 ml0-l bb b--near-white"><section><section><header class="flex justify-between mb3 mb2-m pr3 pr4-m pr0-xl items-baseline"><section style="flex:1"><div><div><div class="inline-flex "><h2 class="f4 f3-m lh-title ma0 ">Make it plant-based</h2></div></div></div></section></header><div class="flex flex-column justify-center relative" data-testid="horizontal-scroller-Product Carousel"><a link-identifier="horizontalScrollerPrevious" class="absolute dn z-5 bg-white br-100 pa0 pointer hidden-child br-100 nav-control left-1" aria-label="Previous slide for Product Carousel list" data-testid="horizontal-scroller-previous" role="button"><i class="ld ld-ChevronLeft" style="font-size:1.5rem;vertical-align:-0.25em;padding:12px;width:1.5rem;height:1.5rem;box-sizing:content-box"></i></a><ul style="display:grid;grid-auto-flow:column;scroll-snap-type:x mandatory;max-height:fit-content" class="list ma0 pl0 overflow-x-scroll hidesb hidesb-wk relative overflow-y-hidden carousel-peek-2 carousel-6-l carousel-3-m pr3-m" data-testid="carousel-container"><li class="flex flex-column items-center pa1 pr2 pb2" data-slide="0"><div role="group" data-item-id="134768563" class="sans-serif mid-gray relative flex flex-column w-100 h-100 hide-child-opacity" data-testid="product-tile-0" aria-label="Product"><a link-identifier="134768563" class="absolute w-100 h-100 z-1 hide-sibling-opacity" target="" href="/ip/Nasoya-Refrigerated-Organic-Super-Firm-Tofu-16-oz/134768563?athcpid=134768563&amp;athpgid=AthenaContentPage_5306523&amp;athcgid=null&amp;athznid=ItemCarousel_d841e431-f9c7-4fdf-8e33-9f7a50b83e5a_items&amp;athieid=v0&amp;athstid=CS020&amp;athguid=RlEjjy3vFDoOKlTIw3pddki_Ijj7yfueE6BV&amp;athancid=null&amp;athena=true&amp;athbdg=L1600"><span class="w_iUH7"><h3>Nasoya Refrigerated Organic Super Firm Tofu, 16 oz</h3></span></a><div class="h2 relative mv2"><span class="w_VbBP w_mFV6 w_awtt w_3oNC w_3H8O tag-leading-badge absolute">Best seller</span></div><div class="relative"><div class="relative overflow-hidden" style="max-width:226px;height:0;padding-bottom:min(226px, 100%);align-self:center;width:min(226px, 100%)"><img loading="lazy" srcset="https://i5.walmartimages.com/asr/63c7d060-1865-463d-b347-0fe8b97628b8.151bf53203fd87bd4a863d8d67fe5144.png?odnHeight=226&amp;odnWidth=226&amp;odnBg=FFFFFF 1x, https://i5.walmartimages.com/asr/63c7d060-1865-463d-b347-0fe8b97628b8.151bf53203fd87bd4a863d8d67fe5144.png?odnHeight=576&amp;odnWidth=576&amp;odnBg=FFFFFF 2x" src="https://i5.walmartimages.com/asr/63c7d060-1865-463d-b347-0fe8b97628b8.151bf53203fd87bd4a863d8d67fe5144.png?odnHeight=576&amp;odnWidth=576&amp;odnBg=FFFFFF" width="" height="" class="absolute top-0 left-0" data-testid="productTileImage" alt="Nasoya Refrigerated Organic Super Firm Tofu, 16 oz"/></div><div class="z-2 absolute bottom--1"><div class="relative dib" data-id="134768563"><button class="w_hhLG w_8nsR w_jDfj pointer bn sans-serif b ph2 flex items-center justify-center w-auto shadow-1" type="button" data-pcss-hide="true" data-automation-id="add-to-cart" aria-label="Add to cart - Nasoya Refrigerated Organic Super Firm Tofu, 16 oz"><i class="ld ld-Plus" style="font-size:1.5rem;vertical-align:-0.25em;width:1.5rem;height:1.5rem;box-sizing:content-box" title="add to cart"></i><span class="mr2">Add</span></button></div></div></div><div class="mt5 mb0" style="height:24px" data-testid="variant-134768563"></div><div data-automation-id="product-price" class="flex flex-wrap justify-start items-center lh-title mb1-m"><div class="mr1 mr2-xl b black lh-copy f5 f4-l" aria-hidden="true">$3.36</div><span class="w_iUH7">current price $3.36</span><div class="gray mr1 f7 f6-l">$3.36/lb</div></div><span class=""><span class="w_V_DM" style="-webkit-line-clamp:3;padding-bottom:0em;margin-bottom:-0em"><span data-automation-id="product-title" class="normal dark-gray mb0 mt1 lh-title f6 f5-l">Nasoya Refrigerated Organic Super Firm Tofu, 16 oz</span></span></span><div class="flex items-center mt2"><span class="black inline-flex mr1"><i class="ld ld-StarFill" style="font-size:12px;vertical-align:-0.175em;width:12px;height:12px;box-sizing:content-box" aria-hidden="true"></i><i class="ld ld-StarFill" style="font-size:12px;vertical-align:-0.175em;width:12px;height:12px;box-sizing:content-box" aria-hidden="true"></i><i class="ld ld-StarFill" style="font-size:12px;vertical-align:-0.175em;width:12px;height:12px;box-sizing:content-box" aria-hidden="true"></i><i class="ld ld-StarFill" style="font-size:12px;vertical-align:-0.175em;width:12px;height:12px;box-sizing:content-box" aria-hidden="true"></i><i class="ld ld-Star" style="font-size:12px;vertical-align:-0.175em;width:12px;height:12px;box-sizing:content-box" aria-hidden="true"></i></span><span class="sans-serif gray f7" aria-hidden="true">87</span><span class="w_iUH7">3.8 out of 5 Stars. 87 reviews</span></div><div></div><div class="mb2 mt2"><span class="w_iUH7">Available for Pickup or Delivery</span><span class="w_VbBP w_mFV6 w_I_19 w_3oNC w_AAn7 mr1 mt1 ph1" aria-hidden="true">Pickup</span><span class="w_VbBP w_mFV6 w_I_19 w_3oNC w_AAn7 mr1 mt1 ph1" aria-hidden="true">Delivery</span></div></div></li><li class="flex flex-column items-center pa1 pr2 pb2" data-slide="1"><div role="group" data-item-id="10898817" class="sans-serif mid-gray relative flex flex-column w-100 h-100 hide-child-opacity" data-testid="product-tile-1" aria-label="Product"><a link-identifier="10898817" class="absolute w-100 h-100 z-1 hide-sibling-opacity" target="" href="/ip/Nasoya-Refrigerated-Soy-Extra-Firm-Organic-Tofu-14-oz/10898817?athcpid=10898817&amp;athpgid=AthenaContentPage_5306523&amp;athcgid=null&amp;athznid=ItemCarousel_d841e431-f9c7-4fdf-8e33-9f7a50b83e5a_items&amp;athieid=v0&amp;athstid=CS020&amp;athguid=RlEjjy3vFDoOKlTIw3pddki_Ijj7yfueE6BV&amp;athancid=null&amp;athena=true&amp;athbdg=L1600"><span class="w_iUH7"><h3>Nasoya Refrigerated Soy Extra Firm Organic Tofu, 14 oz</h3></span></a><div class="h2 relative mv2"><span class="w_VbBP w_mFV6 w_awtt w_3oNC w_3H8O tag-leading-badge absolute">Best seller</span></div><div class="relative"><div class="relative overflow-hidden" style="max-width:226px;height:0;padding-bottom:min(226px, 100%);align-self:center;width:min(226px, 100%)"><img loading="lazy" srcset="https://i5.walmartimages.com/asr/e6fa1b14-df12-473c-9d32-86fd487fd87e.868c58b923b725e94d4965c3bd4e1bfe.jpeg?odnHeight=226&amp;odnWidth=226&amp;odnBg=FFFFFF 1x, https://i5.walmartimages.com/asr/e6fa1b14-df12-473c-9d32-86fd487fd87e.868c58b923b725e94d4965c3bd4e1bfe.jpeg?odnHeight=576&amp;odnWidth=576&amp;odnBg=FFFFFF 2x" src="https://i5.walmartimages.com/asr/e6fa1b14-df12-473c-9d32-86fd487fd87e.868c58b923b725e94d4965c3bd4e1bfe.jpeg?odnHeight=576&amp;odnWidth=576&amp;odnBg=FFFFFF" width="" height="" class="absolute top-0 left-0" data-testid="productTileImage" alt="Nasoya Refrigerated Soy Extra Firm Organic Tofu, 14 oz"/></div><div class="z-2 absolute bottom--1"><div class="relative dib" data-id="10898817"><button class="w_hhLG w_8nsR w_jDfj pointer bn sans-serif b ph2 flex items-center justify-center w-auto shadow-1" type="button" data-pcss-hide="true" data-automation-id="add-to-cart" aria-label="Add to cart - Nasoya Refrigerated Soy Extra Firm Organic Tofu, 14 oz"><i class="ld ld-Plus" style="font-size:1.5rem;vertical-align:-0.25em;width:1.5rem;height:1.5rem;box-sizing:content-box" title="add to cart"></i><span class="mr2">Add</span></button></div></div></div><div class="mt5 mb0" style="height:24px" data-testid="variant-10898817"></div><div data-automation-id="product-price" class="flex flex-wrap justify-start items-center lh-title mb1-m"><div class="mr1 mr2-xl b black lh-copy f5 f4-l" aria-hidden="true">$2.86</div><span class="w_iUH7">current price $2.86</span><div class="gray mr1 f7 f6-l">$1.91/lb</div></div><span class=""><span class="w_V_DM" style="-webkit-line-clamp:3;padding-bottom:0em;margin-bottom:-0em"><span data-automation-id="product-title" class="normal dark-gray mb0 mt1 lh-title f6 f5-l">Nasoya Refrigerated Soy Extra Firm Organic Tofu, 14 oz</span></span></span><div class="flex items-center mt2"><span class="black inline-flex mr1"><i class="ld ld-StarFill" style="font-size:12px;vertical-align:-0.175em;width:12px;height:12px;box-sizing:content-box" aria-hidden="true"></i><i class="ld ld-StarFill" style="font-size:12px;vertical-align:-0.175em;width:12px;height:12px;box-sizing:content-box" aria-hidden="true"></i><i class="ld ld-StarFill" style="font-size:12px;vertical-align:-0.175em;width:12px;height:12px;box-sizing:content-box" aria-hidden="true"></i><i class="ld ld-Star" style="font-size:12px;vertical-align:-0.175em;width:12px;height:12px;box-sizing:content-box" aria-hidden="true"></i><i class="ld ld-Star" style="font-size:12px;vertical-align:-0.175em;width:12px;height:12px;box-sizing:content-box" aria-hidden="true"></i></span><span class="sans-serif gray f7" aria-hidden="true">48</span><span class="w_iUH7">3.1 out of 5 Stars. 48 reviews</span></div><div></div><div class="mb2 mt2"><span class="w_iUH7">Available for Pickup or Delivery</span><span class="w_VbBP w_mFV6 w_I_19 w_3oNC w_AAn7 mr1 mt1 ph1" aria-hidden="true">Pickup</span><span class="w_VbBP w_mFV6 w_I_19 w_3oNC w_AAn7 mr1 mt1 ph1" aria-hidden="true">Delivery</span></div></div></li><li class="flex flex-column items-center pa1 pr2 pb2" data-slide="2"><div role="group" data-item-id="10898985" class="sans-serif mid-gray relative flex flex-column w-100 h-100 hide-child-opacity" data-testid="product-tile-2" aria-label="Product"><a link-identifier="10898985" class="absolute w-100 h-100 z-1 hide-sibling-opacity" target="" href="/ip/Azumaya-Firm-Natural-Tofu-16-Ounces/10898985?athcpid=10898985&amp;athpgid=AthenaContentPage_5306523&amp;athcgid=null&amp;athznid=ItemCarousel_d841e431-f9c7-4fdf-8e33-9f7a50b83e5a_items&amp;athieid=v0&amp;athstid=CS020&amp;athguid=RlEjjy3vFDoOKlTIw3pddki_Ijj7yfueE6BV&amp;athancid=null&amp;athena=true&amp;athbdg=L1600"><span class="w_iUH7"><h3>Azumaya Firm Natural Tofu 16 Ounces</h3></span></a><div class="h2 relative mv2"><span class="w_VbBP w_mFV6 w_awtt w_3oNC w_3H8O tag-leading-badge absolute">Best seller</span></div><div class="relative"><div class="relative overflow-hidden" style="max-width:226px;height:0;padding-bottom:min(226px, 100%);align-self:center;width:min(226px, 100%)"><img loading="lazy" srcset="https://i5.walmartimages.com/seo/Azumaya-Firm-Natural-Tofu-16-Ounces_e3bcc535-f45d-4a89-abbc-061f4fcd040f.3759fa2b1d965669c24da0082f558a92.jpeg?odnHeight=226&amp;odnWidth=226&amp;odnBg=FFFFFF 1x, https://i5.walmartimages.com/seo/Azumaya-Firm-Natural-Tofu-16-Ounces_e3bcc535-f45d-4a89-abbc-061f4fcd040f.3759fa2b1d965669c24da0082f558a92.jpeg?odnHeight=576&amp;odnWidth=576&amp;odnBg=FFFFFF 2x" src="https://i5.walmartimages.com/seo/Azumaya-Firm-Natural-Tofu-16-Ounces_e3bcc535-f45d-4a89-abbc-061f4fcd040f.3759fa2b1d965669c24da0082f558a92.jpeg?odnHeight=576&amp;odnWidth=576&amp;odnBg=FFFFFF" width="" height="" class="absolute top-0 left-0" data-testid="productTileImage" alt="Azumaya Firm Natural Tofu 16 Ounces"/></div><div class="z-2 absolute bottom--1 w-60"><div class="relative dib" data-id="10898985"><a class="w_hhLG w_8nsR w_jDfj pointer bn sans-serif b ph2 flex items-center justify-center w-auto shadow-1" href="/ip/Azumaya-Firm-Natural-Tofu-16-Ounces/10898985?athcpid=10898985&amp;athpgid=AthenaContentPage_5306523&amp;athcgid=null&amp;athznid=ItemCarousel_d841e431-f9c7-4fdf-8e33-9f7a50b83e5a_items&amp;athieid=v0&amp;athstid=CS020&amp;athguid=RlEjjy3vFDoOKlTIw3pddki_Ijj7yfueE6BV&amp;athancid=null&amp;athena=true&amp;athbdg=L1600" data-pcss-hide="true" aria-label="Options - Azumaya Firm Natural Tofu 16 Ounces"><span class="mh2">Options</span></a></div></div></div><div class="mt5 mb0" style="height:24px" data-testid="variant-10898985"></div><div data-automation-id="product-price" class="flex flex-wrap justify-start items-center lh-title mb1-m"><div class="mr1 mr2-xl b black lh-copy f5 f4-l" aria-hidden="true">$2.08</div><span class="w_iUH7">current price $2.08</span></div><span class=""><span class="w_V_DM" style="-webkit-line-clamp:3;padding-bottom:0em;margin-bottom:-0em"><span data-automation-id="product-title" class="normal dark-gray mb0 mt1 lh-title f6 f5-l">Azumaya Firm Natural Tofu 16 Ounces</span></span></span><div class="flex items-center mt2"><span class="black inline-flex mr1"><i class="ld ld-StarFill" style="font-size:12px;vertical-align:-0.175em;width:12px;height:12px;box-sizing:content-box" aria-hidden="true"></i><i class="ld ld-StarFill" style="font-size:12px;vertical-align:-0.175em;width:12px;height:12px;box-sizing:content-box" aria-hidden="true"></i><i class="ld ld-StarFill" style="font-size:12px;vertical-align:-0.175em;width:12px;height:12px;box-sizing:content-box" aria-hidden="true"></i><i class="ld ld-StarHalf" style="font-size:12px;vertical-align:-0.175em;width:12px;height:12px;box-sizing:content-box" aria-hidden="true"></i><i class="ld ld-Star" style="font-size:12px;vertical-align:-0.175em;width:12px;height:12px;box-sizing:content-box" aria-hidden="true"></i></span><span class="sans-serif gray f7" aria-hidden="true">45</span><span class="w_iUH7">3.7 out of 5 Stars. 45 reviews</span></div><div></div><div class="mb2 mt2"><span class="w_iUH7">Available for Pickup or Delivery</span><span class="w_VbBP w_mFV6 w_I_19 w_3oNC w_AAn7 mr1 mt1 ph1" aria-hidden="true">Pickup</span><span class="w_VbBP w_mFV6 w_I_19 w_3oNC w_AAn7 mr1 mt1 ph1" aria-hidden="true">Delivery</span></div></div></li><li class="flex flex-column items-center pa1 pr2 pb2" data-slide="3"><div role="group" data-item-id="189317357" class="sans-serif mid-gray relative flex flex-column w-100 h-100 hide-child-opacity" data-testid="product-tile-3" aria-label="Product"><a link-identifier="189317357" class="absolute w-100 h-100 z-1 hide-sibling-opacity" target="" href="/ip/Field-Roast-Refrigerated-Smoked-Apple-Sage-Plant-Based-Sausages-13-oz/189317357?athcpid=189317357&amp;athpgid=AthenaContentPage_5306523&amp;athcgid=null&amp;athznid=ItemCarousel_d841e431-f9c7-4fdf-8e33-9f7a50b83e5a_items&amp;athieid=v0&amp;athstid=CS020&amp;athguid=RlEjjy3vFDoOKlTIw3pddki_Ijj7yfueE6BV&amp;athancid=null&amp;athena=true&amp;athbdg=L1600"><span class="w_iUH7"><h3>Field Roast Refrigerated Smoked Apple &amp; Sage Plant-Based Sausages, 13 oz</h3></span></a><div class="h2 relative mv2"><span class="w_VbBP w_mFV6 w_awtt w_3oNC w_3H8O tag-leading-badge absolute">Best seller</span></div><div class="relative"><div class="relative overflow-hidden" style="max-width:226px;height:0;padding-bottom:min(226px, 100%);align-self:center;width:min(226px, 100%)"><img loading="lazy" srcset="https://i5.walmartimages.com/asr/7a9d8e69-c3f4-4e69-9dde-165fa35e2a7d.d4c5240559374cdfb34636d310029de1.jpeg?odnHeight=226&amp;odnWidth=226&amp;odnBg=FFFFFF 1x, https://i5.walmartimages.com/asr/7a9d8e69-c3f4-4e69-9dde-165fa35e2a7d.d4c5240559374cdfb34636d310029de1.jpeg?odnHeight=576&amp;odnWidth=576&amp;odnBg=FFFFFF 2x" src="https://i5.walmartimages.com/asr/7a9d8e69-c3f4-4e69-9dde-165fa35e2a7d.d4c5240559374cdfb34636d310029de1.jpeg?odnHeight=576&amp;odnWidth=576&amp;odnBg=FFFFFF" width="" height="" class="absolute top-0 left-0" data-testid="productTileImage" alt="Field Roast Refrigerated Smoked Apple &amp; Sage Plant-Based Sausages, 13 oz"/></div><div class="z-2 absolute bottom--1"><div class="relative dib" data-id="189317357"><button class="w_hhLG w_8nsR w_jDfj pointer bn sans-serif b ph2 flex items-center justify-center w-auto shadow-1" type="button" data-pcss-hide="true" data-automation-id="add-to-cart" aria-label="Add to cart - Field Roast Refrigerated Smoked Apple &amp; Sage Plant-Based Sausages, 13 oz"><i class="ld ld-Plus" style="font-size:1.5rem;vertical-align:-0.25em;width:1.5rem;height:1.5rem;box-sizing:content-box" title="add to cart"></i><span class="mr2">Add</span></button></div></div></div><div class="mt5 mb0" style="height:24px" data-testid="variant-189317357"></div><div data-automation-id="product-price" class="flex flex-wrap justify-start items-center lh-title mb1-m"><div class="mr1 mr2-xl b black lh-copy f5 f4-l" aria-hidden="true">$5.58</div><span class="w_iUH7">current price $5.58</span><div class="gray mr1 f7 f6-l">$6.89/lb</div></div><span class=""><span class="w_V_DM" style="-webkit-line-clamp:3;padding-bottom:0em;margin-bottom:-0em"><span data-automation-id="product-title" class="normal dark-gray mb0 mt1 lh-title f6 f5-l">Field Roast Refrigerated Smoked Apple &amp; Sage Plant-Based Sausages, 13 oz</span></span></span><div class="flex items-center mt2"><span class="black inline-flex mr1"><i class="ld ld-StarFill" style="font-size:12px;vertical-align:-0.175em;width:12px;height:12px;box-sizing:content-box" aria-hidden="true"></i><i class="ld ld-StarFill" style="font-size:12px;vertical-align:-0.175em;width:12px;height:12px;box-sizing:content-box" aria-hidden="true"></i><i class="ld ld-StarFill" style="font-size:12px;vertical-align:-0.175em;width:12px;height:12px;box-sizing:content-box" aria-hidden="true"></i><i class="ld ld-StarFill" style="font-size:12px;vertical-align:-0.175em;width:12px;height:12px;box-sizing:content-box" aria-hidden="true"></i><i class="ld ld-Star" style="font-size:12px;vertical-align:-0.175em;width:12px;height:12px;box-sizing:content-box" aria-hidden="true"></i></span><span class="sans-serif gray f7" aria-hidden="true">111</span><span class="w_iUH7">4 out of 5 Stars. 111 reviews</span></div><div></div><div class="mb2 mt2"><span class="w_iUH7">Available for Pickup or Delivery</span><span class="w_VbBP w_mFV6 w_I_19 w_3oNC w_AAn7 mr1 mt1 ph1" aria-hidden="true">Pickup</span><span class="w_VbBP w_mFV6 w_I_19 w_3oNC w_AAn7 mr1 mt1 ph1" aria-hidden="true">Delivery</span></div></div></li><li class="flex flex-column items-center pa1 pr2 pb2" data-slide="4"><div role="group" data-item-id="156009403" class="sans-serif mid-gray relative flex flex-column w-100 h-100 hide-child-opacity" data-testid="product-tile-4" aria-label="Product"><a link-identifier="156009403" class="absolute w-100 h-100 z-1 hide-sibling-opacity" target="" href="/ip/Tofurky-Refrigerated-Vegan-Plant-Based-Hickory-Smoked-Deli-Slices-5-5-oz-Packet/156009403?athcpid=156009403&amp;athpgid=AthenaContentPage_5306523&amp;athcgid=null&amp;athznid=ItemCarousel_d841e431-f9c7-4fdf-8e33-9f7a50b83e5a_items&amp;athieid=v0&amp;athstid=CS020&amp;athguid=RlEjjy3vFDoOKlTIw3pddki_Ijj7yfueE6BV&amp;athancid=null&amp;athena=true&amp;athbdg=L1600"><span class="w_iUH7"><h3>Tofurky Refrigerated Vegan, Plant-Based Hickory Smoked Deli Slices, 5.5 oz Packet</h3></span></a><div class="h2 relative mv2"><span class="w_VbBP w_mFV6 w_awtt w_3oNC w_3H8O tag-leading-badge absolute">Best seller</span></div><div class="relative"><div class="relative overflow-hidden" style="max-width:226px;height:0;padding-bottom:min(226px, 100%);align-self:center;width:min(226px, 100%)"><img loading="lazy" srcset="https://i5.walmartimages.com/asr/6ef6f2bc-15df-442b-8a08-b4ba55d58859.fe50aa8551a1b4b682d524a4a0e2b526.jpeg?odnHeight=226&amp;odnWidth=226&amp;odnBg=FFFFFF 1x, https://i5.walmartimages.com/asr/6ef6f2bc-15df-442b-8a08-b4ba55d58859.fe50aa8551a1b4b682d524a4a0e2b526.jpeg?odnHeight=576&amp;odnWidth=576&amp;odnBg=FFFFFF 2x" src="https://i5.walmartimages.com/asr/6ef6f2bc-15df-442b-8a08-b4ba55d58859.fe50aa8551a1b4b682d524a4a0e2b526.jpeg?odnHeight=576&amp;odnWidth=576&amp;odnBg=FFFFFF" width="" height="" class="absolute top-0 left-0" data-testid="productTileImage" alt="Tofurky Refrigerated Vegan, Plant-Based Hickory Smoked Deli Slices, 5.5 oz Packet"/></div><div class="z-2 absolute bottom--1"><div class="relative dib" data-id="156009403"><button class="w_hhLG w_8nsR w_jDfj pointer bn sans-serif b ph2 flex items-center justify-center w-auto shadow-1" type="button" data-pcss-hide="true" data-automation-id="add-to-cart" aria-label="Add to cart - Tofurky Refrigerated Vegan, Plant-Based Hickory Smoked Deli Slices, 5.5 oz Packet"><i class="ld ld-Plus" style="font-size:1.5rem;vertical-align:-0.25em;width:1.5rem;height:1.5rem;box-sizing:content-box" title="add to cart"></i><span class="mr2">Add</span></button></div></div></div><div class="mt5 mb0" style="height:24px" data-testid="variant-156009403"></div><div data-automation-id="product-price" class="flex flex-wrap justify-start items-center lh-title mb1-m"><div class="mr1 mr2-xl b black lh-copy f5 f4-l" aria-hidden="true">$3.38</div><span class="w_iUH7">current price $3.38</span><div class="gray mr1 f7 f6-l">$9.94/lb</div></div><span class=""><span class="w_V_DM" style="-webkit-line-clamp:3;padding-bottom:0em;margin-bottom:-0em"><span data-automation-id="product-title" class="normal dark-gray mb0 mt1 lh-title f6 f5-l">Tofurky Refrigerated Vegan, Plant-Based Hickory Smoked Deli Slices, 5.5 oz Packet</span></span></span><div class="flex items-center mt2"><span class="black inline-flex mr1"><i class="ld ld-StarFill" style="font-size:12px;vertical-align:-0.175em;width:12px;height:12px;box-sizing:content-box" aria-hidden="true"></i><i class="ld ld-StarFill" style="font-size:12px;vertical-align:-0.175em;width:12px;height:12px;box-sizing:content-box" aria-hidden="true"></i><i class="ld ld-StarFill" style="font-size:12px;vertical-align:-0.175em;width:12px;height:12px;box-sizing:content-box" aria-hidden="true"></i><i class="ld ld-StarFill" style="font-size:12px;vertical-align:-0.175em;width:12px;height:12px;box-sizing:content-box" aria-hidden="true"></i><i class="ld ld-Star" style="font-size:12px;vertical-align:-0.175em;width:12px;height:12px;box-sizing:content-box" aria-hidden="true"></i></span><span class="sans-serif gray f7" aria-hidden="true">81</span><span class="w_iUH7">3.9 out of 5 Stars. 81 reviews</span></div><div></div><div class="mb2 mt2"><span class="w_iUH7">Available for Pickup or Delivery</span><span class="w_VbBP w_mFV6 w_I_19 w_3oNC w_AAn7 mr1 mt1 ph1" aria-hidden="true">Pickup</span><span class="w_VbBP w_mFV6 w_I_19 w_3oNC w_AAn7 mr1 mt1 ph1" aria-hidden="true">Delivery</span></div></div></li><li class="flex flex-column items-center pa1 pr2 pb2" data-slide="5"><div role="group" data-item-id="189584443" class="sans-serif mid-gray relative flex flex-column w-100 h-100 hide-child-opacity" data-testid="product-tile-5" aria-label="Product"><a link-identifier="189584443" class="absolute w-100 h-100 z-1 hide-sibling-opacity" target="" href="/ip/Field-Roast-Refrigerated-Chao-Creamy-Dairy-Free-Original-Slices-7-oz-Plastic/189584443?athcpid=189584443&amp;athpgid=AthenaContentPage_5306523&amp;athcgid=null&amp;athznid=ItemCarousel_d841e431-f9c7-4fdf-8e33-9f7a50b83e5a_items&amp;athieid=v0&amp;athstid=CS020&amp;athguid=RlEjjy3vFDoOKlTIw3pddki_Ijj7yfueE6BV&amp;athancid=null&amp;athena=true&amp;athbdg=L1600"><span class="w_iUH7"><h3>Field Roast Refrigerated Chao Creamy Dairy Free Original Slices, 7 oz Plastic</h3></span></a><div class="h2 relative mv2"><span class="w_VbBP w_mFV6 w_awtt w_3oNC w_3H8O tag-leading-badge absolute">Best seller</span></div><div class="relative"><div class="relative overflow-hidden" style="max-width:226px;height:0;padding-bottom:min(226px, 100%);align-self:center;width:min(226px, 100%)"><img loading="lazy" srcset="https://i5.walmartimages.com/asr/564af0d2-86ff-406c-83dd-744c212180da.6692d115c1a8f5547a33ba8a242c69d4.jpeg?odnHeight=226&amp;odnWidth=226&amp;odnBg=FFFFFF 1x, https://i5.walmartimages.com/asr/564af0d2-86ff-406c-83dd-744c212180da.6692d115c1a8f5547a33ba8a242c69d4.jpeg?odnHeight=576&amp;odnWidth=576&amp;odnBg=FFFFFF 2x" src="https://i5.walmartimages.com/asr/564af0d2-86ff-406c-83dd-744c212180da.6692d115c1a8f5547a33ba8a242c69d4.jpeg?odnHeight=576&amp;odnWidth=576&amp;odnBg=FFFFFF" width="" height="" class="absolute top-0 left-0" data-testid="productTileImage" alt="Field Roast Refrigerated Chao Creamy Dairy Free Original Slices, 7 oz Plastic"/></div><div class="z-2 absolute bottom--1"><div class="relative dib" data-id="189584443"><button class="w_hhLG w_8nsR w_jDfj pointer bn sans-serif b ph2 flex items-center justify-center w-auto shadow-1" type="button" data-pcss-hide="true" data-automation-id="add-to-cart" aria-label="Add to cart - Field Roast Refrigerated Chao Creamy Dairy Free Original Slices, 7 oz Plastic"><i class="ld ld-Plus" style="font-size:1.5rem;vertical-align:-0.25em;width:1.5rem;height:1.5rem;box-sizing:content-box" title="add to cart"></i><span class="mr2">Add</span></button></div></div></div><div class="mt5 mb0" style="height:24px" data-testid="variant-189584443"></div><div data-automation-id="product-price" class="flex flex-wrap justify-start items-center lh-title mb1-m"><div class="mr1 mr2-xl b black lh-copy f5 f4-l" aria-hidden="true">$5.53</div><span class="w_iUH7">current price $5.53</span><div class="gray mr1 f7 f6-l">79.0 ¢/oz</div></div><span class=""><span class="w_V_DM" style="-webkit-line-clamp:3;padding-bottom:0em;margin-bottom:-0em"><span data-automation-id="product-title" class="normal dark-gray mb0 mt1 lh-title f6 f5-l">Field Roast Refrigerated Chao Creamy Dairy Free Original Slices, 7 oz Plastic</span></span></span><div class="flex items-center mt2"><span class="black inline-flex mr1"><i class="ld ld-StarFill" style="font-size:12px;vertical-align:-0.175em;width:12px;height:12px;box-sizing:content-box" aria-hidden="true"></i><i class="ld ld-StarFill" style="font-size:12px;vertical-align:-0.175em;width:12px;height:12px;box-sizing:content-box" aria-hidden="true"></i><i class="ld ld-StarFill" style="font-size:12px;vertical-align:-0.175em;width:12px;height:12px;box-sizing:content-box" aria-hidden="true"></i><i class="ld ld-StarFill" style="font-size:12px;vertical-align:-0.175em;width:12px;height:12px;box-sizing:content-box" aria-hidden="true"></i><i class="ld ld-StarHalf" style="font-size:12px;vertical-align:-0.175em;width:12px;height:12px;box-sizing:content-box" aria-hidden="true"></i></span><span class="sans-serif gray f7" aria-hidden="true">86</span><span class="w_iUH7">4.4 out of 5 Stars. 86 reviews</span></div><div></div><div class="mb2 mt2"><span class="w_iUH7">Available for Pickup or Delivery</span><span class="w_VbBP w_mFV6 w_I_19 w_3oNC w_AAn7 mr1 mt1 ph1" aria-hidden="true">Pickup</span><span class="w_VbBP w_mFV6 w_I_19 w_3oNC w_AAn7 mr1 mt1 ph1" aria-hidden="true">Delivery</span></div></div></li></ul><a link-identifier="horizontalScrollerNext" class="absolute dn z-5 bg-white br-100 pa0 pointer db-l br-100 nav-control right-1" aria-label="Next slide for Product Carousel list" data-testid="horizontal-scroller-next" role="button"><i class="ld ld-ChevronRight" style="font-size:1.5rem;vertical-align:-0.25em;padding:12px;width:1.5rem;height:1.5rem;box-sizing:content-box"></i></a></div></section></section></div> <div class="mv3 mv4-xl ml3 ml0-l bb b--near-white"><section><section><header class="flex justify-between mb3 mb2-m pr3 pr4-m pr0-xl items-baseline"><section style="flex:1"><div><div><div class="inline-flex "><h2 class="f4 f3-m lh-title ma0 ">Go Mediterranean</h2></div></div></div></section></header><div class="flex flex-column justify-center relative" data-testid="horizontal-scroller-Product Carousel"><a link-identifier="horizontalScrollerPrevious" class="absolute dn z-5 bg-white br-100 pa0 pointer hidden-child br-100 nav-control left-1" aria-label="Previous slide for Product Carousel list" data-testid="horizontal-scroller-previous" role="button"><i class="ld ld-ChevronLeft" style="font-size:1.5rem;vertical-align:-0.25em;padding:12px;width:1.5rem;height:1.5rem;box-sizing:content-box"></i></a><ul style="display:grid;grid-auto-flow:column;scroll-snap-type:x mandatory;max-height:fit-content" class="list ma0 pl0 overflow-x-scroll hidesb hidesb-wk relative overflow-y-hidden carousel-peek-2 carousel-6-l carousel-3-m pr3-m" data-testid="carousel-container"><li class="flex flex-column items-center pa1 pr2 pb2" data-slide="0"><div role="group" data-item-id="44390955" class="sans-serif mid-gray relative flex flex-column w-100 h-100 hide-child-opacity" data-testid="product-tile-0" aria-label="Product"><a link-identifier="44390955" class="absolute w-100 h-100 z-1 hide-sibling-opacity" target="" href="/ip/Fresh-Tomato-on-the-Vine-Bag-1-9-lbs-Bag-Est/44390955?athcpid=44390955&amp;athpgid=AthenaContentPage_5306523&amp;athcgid=null&amp;athznid=ItemCarousel_3a9ac1b8-ade8-4111-8a9e-135dc476d189_items&amp;athieid=v0&amp;athstid=CS020&amp;athguid=RlEjjy3vFDoOKlTIw3pddki_Ijj7yfueE6BV&amp;athancid=null&amp;athena=true&amp;athbdg=L1600"><span class="w_iUH7"><h3>Fresh Tomato on the Vine, Bag (1.9 lbs/Bag Est.)</h3></span></a><div class="h2 relative mv2"><span class="w_VbBP w_mFV6 w_awtt w_3oNC w_3H8O tag-leading-badge absolute">Best seller</span></div><div class="relative"><div class="relative overflow-hidden" style="max-width:226px;height:0;padding-bottom:min(226px, 100%);align-self:center;width:min(226px, 100%)"><img loading="lazy" srcset="https://i5.walmartimages.com/asr/1397cd52-8636-48d7-90a7-3c15d4c3967c.7544db07683e1eed49dbd813de13e291.jpeg?odnHeight=226&amp;odnWidth=226&amp;odnBg=FFFFFF 1x, https://i5.walmartimages.com/asr/1397cd52-8636-48d7-90a7-3c15d4c3967c.7544db07683e1eed49dbd813de13e291.jpeg?odnHeight=576&amp;odnWidth=576&amp;odnBg=FFFFFF 2x" src="https://i5.walmartimages.com/asr/1397cd52-8636-48d7-90a7-3c15d4c3967c.7544db07683e1eed49dbd813de13e291.jpeg?odnHeight=576&amp;odnWidth=576&amp;odnBg=FFFFFF" width="" height="" class="absolute top-0 left-0" data-testid="productTileImage" alt="Fresh Tomato on the Vine, Bag (1.9 lbs/Bag Est.)"/></div><div class="z-2 absolute bottom--1"><div class="relative dib" data-id="44390955"><button class="w_hhLG w_8nsR w_jDfj pointer bn sans-serif b ph2 flex items-center justify-center w-auto shadow-1" type="button" data-pcss-hide="true" data-automation-id="add-to-cart" aria-label="Add to cart - Fresh Tomato on the Vine, Bag (1.9 lbs/Bag Est.)"><i class="ld ld-Plus" style="font-size:1.5rem;vertical-align:-0.25em;width:1.5rem;height:1.5rem;box-sizing:content-box" title="add to cart"></i><span class="mr2">Add</span></button></div></div></div><div class="mt5 mb0" style="height:24px" data-testid="variant-44390955"></div><div data-automation-id="product-price" class="flex flex-wrap justify-start items-center lh-title mb1-m"><div class="mr1 mr2-xl b black lh-copy f5 f4-l" aria-hidden="true">$3.76</div><span class="w_iUH7">current price $3.76</span><div class="gray f7 f6-l"><span class="mr3">each<!-- --> </span></div><div class="gray mr1 f7 f6-l">$1.98/oz</div></div><span class=""><span class="w_V_DM" style="-webkit-line-clamp:3;padding-bottom:0em;margin-bottom:-0em"><span data-automation-id="product-title" class="normal dark-gray mb0 mt1 lh-title f6 f5-l">Fresh Tomato on the Vine, Bag (1.9 lbs/Bag Est.)</span></span></span><div class="flex items-center mt2"><span class="black inline-flex mr1"><i class="ld ld-StarFill" style="font-size:12px;vertical-align:-0.175em;width:12px;height:12px;box-sizing:content-box" aria-hidden="true"></i><i class="ld ld-StarHalf" style="font-size:12px;vertical-align:-0.175em;width:12px;height:12px;box-sizing:content-box" aria-hidden="true"></i><i class="ld ld-Star" style="font-size:12px;vertical-align:-0.175em;width:12px;height:12px;box-sizing:content-box" aria-hidden="true"></i><i class="ld ld-Star" style="font-size:12px;vertical-align:-0.175em;width:12px;height:12px;box-sizing:content-box" aria-hidden="true"></i><i class="ld ld-Star" style="font-size:12px;vertical-align:-0.175em;width:12px;height:12px;box-sizing:content-box" aria-hidden="true"></i></span><span class="sans-serif gray f7" aria-hidden="true">4400</span><span class="w_iUH7">1.7 out of 5 Stars. 4400 reviews</span></div><div></div><div class="mb2 mt2"><span class="w_iUH7">Available for Pickup or Delivery</span><span class="w_VbBP w_mFV6 w_I_19 w_3oNC w_AAn7 mr1 mt1 ph1" aria-hidden="true">Pickup</span><span class="w_VbBP w_mFV6 w_I_19 w_3oNC w_AAn7 mr1 mt1 ph1" aria-hidden="true">Delivery</span></div></div></li><li class="flex flex-column items-center pa1 pr2 pb2" data-slide="1"><div role="group" data-item-id="998269547" class="sans-serif mid-gray relative flex flex-column w-100 h-100 hide-child-opacity" data-testid="product-tile-1" aria-label="Product"><a link-identifier="998269547" class="absolute w-100 h-100 z-1 hide-sibling-opacity" target="" href="/ip/Marketside-Organic-Baby-Arugula-Salad-5-oz-Clam-Shell-Fresh/998269547?athcpid=998269547&amp;athpgid=AthenaContentPage_5306523&amp;athcgid=null&amp;athznid=ItemCarousel_3a9ac1b8-ade8-4111-8a9e-135dc476d189_items&amp;athieid=v0&amp;athstid=CS020&amp;athguid=RlEjjy3vFDoOKlTIw3pddki_Ijj7yfueE6BV&amp;athancid=null&amp;athena=true"><span class="w_iUH7"><h3>Marketside Organic Baby Arugula Salad, 5 oz Clam Shell, Fresh</h3></span></a><div class="h2 relative mv2"></div><div class="relative"><div class="relative overflow-hidden" style="max-width:226px;height:0;padding-bottom:min(226px, 100%);align-self:center;width:min(226px, 100%)"><img loading="lazy" srcset="https://i5.walmartimages.com/asr/9132889a-e430-47ff-b419-28ebf39a6ab4.fe8153253b26873a2deb9defbab4ab3c.jpeg?odnHeight=226&amp;odnWidth=226&amp;odnBg=FFFFFF 1x, https://i5.walmartimages.com/asr/9132889a-e430-47ff-b419-28ebf39a6ab4.fe8153253b26873a2deb9defbab4ab3c.jpeg?odnHeight=576&amp;odnWidth=576&amp;odnBg=FFFFFF 2x" src="https://i5.walmartimages.com/asr/9132889a-e430-47ff-b419-28ebf39a6ab4.fe8153253b26873a2deb9defbab4ab3c.jpeg?odnHeight=576&amp;odnWidth=576&amp;odnBg=FFFFFF" width="" height="" class="absolute top-0 left-0" data-testid="productTileImage" alt="Marketside Organic Baby Arugula Salad, 5 oz Clam Shell, Fresh"/></div><div class="z-2 absolute bottom--1"><div class="relative dib" data-id="998269547"><button class="w_hhLG w_8nsR w_jDfj pointer bn sans-serif b ph2 flex items-center justify-center w-auto shadow-1" type="button" data-pcss-hide="true" data-automation-id="add-to-cart" aria-label="Add to cart - Marketside Organic Baby Arugula Salad, 5 oz Clam Shell, Fresh"><i class="ld ld-Plus" style="font-size:1.5rem;vertical-align:-0.25em;width:1.5rem;height:1.5rem;box-sizing:content-box" title="add to cart"></i><span class="mr2">Add</span></button></div></div></div><div class="mt5 mb0" style="height:24px" data-testid="variant-998269547"></div><div data-automation-id="product-price" class="flex flex-wrap justify-start items-center lh-title mb1-m"><div class="mr1 mr2-xl b black lh-copy f5 f4-l" aria-hidden="true">$2.98</div><span class="w_iUH7">current price $2.98</span><div class="gray mr1 f7 f6-l">59.6 ¢/ounces</div></div><span class=""><span class="w_V_DM" style="-webkit-line-clamp:3;padding-bottom:0em;margin-bottom:-0em"><span data-automation-id="product-title" class="normal dark-gray mb0 mt1 lh-title f6 f5-l">Marketside Organic Baby Arugula Salad, 5 oz Clam Shell, Fresh</span></span></span><div></div><div class="mb2 mt2"><span class="w_iUH7">Available for Pickup or Delivery</span><span class="w_VbBP w_mFV6 w_I_19 w_3oNC w_AAn7 mr1 mt1 ph1" aria-hidden="true">Pickup</span><span class="w_VbBP w_mFV6 w_I_19 w_3oNC w_AAn7 mr1 mt1 ph1" aria-hidden="true">Delivery</span></div></div></li><li class="flex flex-column items-center pa1 pr2 pb2" data-slide="2"><div role="group" data-item-id="44390944" class="sans-serif mid-gray relative flex flex-column w-100 h-100 hide-child-opacity" data-testid="product-tile-2" aria-label="Product"><a link-identifier="44390944" class="absolute w-100 h-100 z-1 hide-sibling-opacity" target="" href="/ip/Fresh-Roma-Tomato-Each/44390944?athcpid=44390944&amp;athpgid=AthenaContentPage_5306523&amp;athcgid=null&amp;athznid=ItemCarousel_3a9ac1b8-ade8-4111-8a9e-135dc476d189_items&amp;athieid=v0&amp;athstid=CS020&amp;athguid=RlEjjy3vFDoOKlTIw3pddki_Ijj7yfueE6BV&amp;athancid=null&amp;athena=true&amp;athbdg=L1600"><span class="w_iUH7"><h3>Fresh Roma Tomato, Each</h3></span></a><div class="h2 relative mv2"><span class="w_VbBP w_mFV6 w_awtt w_3oNC w_3H8O tag-leading-badge absolute">Best seller</span></div><div class="relative"><div class="relative overflow-hidden" style="max-width:226px;height:0;padding-bottom:min(226px, 100%);align-self:center;width:min(226px, 100%)"><img loading="lazy" srcset="https://i5.walmartimages.com/asr/8769d65a-5697-4d90-ae1f-8ba90a60b867.ab382f49617c7943d68ed2f96431d6c6.jpeg?odnHeight=226&amp;odnWidth=226&amp;odnBg=FFFFFF 1x, https://i5.walmartimages.com/asr/8769d65a-5697-4d90-ae1f-8ba90a60b867.ab382f49617c7943d68ed2f96431d6c6.jpeg?odnHeight=576&amp;odnWidth=576&amp;odnBg=FFFFFF 2x" src="https://i5.walmartimages.com/asr/8769d65a-5697-4d90-ae1f-8ba90a60b867.ab382f49617c7943d68ed2f96431d6c6.jpeg?odnHeight=576&amp;odnWidth=576&amp;odnBg=FFFFFF" width="" height="" class="absolute top-0 left-0" data-testid="productTileImage" alt="Fresh Roma Tomato, Each"/></div><div class="z-2 absolute bottom--1"><div class="relative dib" data-id="44390944"><button class="w_hhLG w_8nsR w_jDfj pointer bn sans-serif b ph2 flex items-center justify-center w-auto shadow-1" type="button" data-pcss-hide="true" data-automation-id="add-to-cart" aria-label="Add to cart - Fresh Roma Tomato, Each"><i class="ld ld-Plus" style="font-size:1.5rem;vertical-align:-0.25em;width:1.5rem;height:1.5rem;box-sizing:content-box" title="add to cart"></i><span class="mr2">Add</span></button></div></div></div><div class="mt5 mb0" style="height:24px" data-testid="variant-44390944"></div><div data-automation-id="product-price" class="flex flex-wrap justify-start items-center lh-title mb1-m"><div class="mr1 mr2-xl b black green lh-copy f5 f4-l" aria-hidden="true">Now $0.29</div><span class="w_iUH7">current price Now $0.29</span><div class="gray f7 f6-l"><span class="mr3">each<!-- --> </span></div><div class="gray mr1 strike f7 f6-l" aria-hidden="true">$0.38</div><span class="w_iUH7">Was $0.38</span><div class="gray mr1 f7 f6-l">98.0 ¢/lb</div></div><span class=""><span class="w_V_DM" style="-webkit-line-clamp:3;padding-bottom:0em;margin-bottom:-0em"><span data-automation-id="product-title" class="normal dark-gray mb0 mt1 lh-title f6 f5-l">Fresh Roma Tomato, Each</span></span></span><div class="flex items-center mt2"><span class="black inline-flex mr1"><i class="ld ld-StarFill" style="font-size:12px;vertical-align:-0.175em;width:12px;height:12px;box-sizing:content-box" aria-hidden="true"></i><i class="ld ld-StarFill" style="font-size:12px;vertical-align:-0.175em;width:12px;height:12px;box-sizing:content-box" aria-hidden="true"></i><i class="ld ld-Star" style="font-size:12px;vertical-align:-0.175em;width:12px;height:12px;box-sizing:content-box" aria-hidden="true"></i><i class="ld ld-Star" style="font-size:12px;vertical-align:-0.175em;width:12px;height:12px;box-sizing:content-box" aria-hidden="true"></i><i class="ld ld-Star" style="font-size:12px;vertical-align:-0.175em;width:12px;height:12px;box-sizing:content-box" aria-hidden="true"></i></span><span class="sans-serif gray f7" aria-hidden="true">3222</span><span class="w_iUH7">2.1 out of 5 Stars. 3222 reviews</span></div><div></div><div class="mb2 mt2"><span class="w_iUH7">Available for Pickup or Delivery</span><span class="w_VbBP w_mFV6 w_I_19 w_3oNC w_AAn7 mr1 mt1 ph1" aria-hidden="true">Pickup</span><span class="w_VbBP w_mFV6 w_I_19 w_3oNC w_AAn7 mr1 mt1 ph1" aria-hidden="true">Delivery</span></div></div></li><li class="flex flex-column items-center pa1 pr2 pb2" data-slide="3"><div role="group" data-item-id="128642379" class="sans-serif mid-gray relative flex flex-column w-100 h-100 hide-child-opacity" data-testid="product-tile-3" aria-label="Product"><a link-identifier="128642379" class="absolute w-100 h-100 z-1 hide-sibling-opacity" target="" href="/ip/Marketside-Gluten-Free-Classic-Hummus-10-oz-Ready-to-Eat-Resealable-Cup/128642379?athcpid=128642379&amp;athpgid=AthenaContentPage_5306523&amp;athcgid=null&amp;athznid=ItemCarousel_3a9ac1b8-ade8-4111-8a9e-135dc476d189_items&amp;athieid=v0&amp;athstid=CS020&amp;athguid=RlEjjy3vFDoOKlTIw3pddki_Ijj7yfueE6BV&amp;athancid=null&amp;athena=true&amp;athbdg=L1600"><span class="w_iUH7"><h3>Marketside Gluten-Free Classic Hummus 10 oz, Ready to Eat, Resealable Cup</h3></span></a><div class="h2 relative mv2"><span class="w_VbBP w_mFV6 w_awtt w_3oNC w_3H8O tag-leading-badge absolute">Best seller</span></div><div class="relative"><div class="relative overflow-hidden" style="max-width:226px;height:0;padding-bottom:min(226px, 100%);align-self:center;width:min(226px, 100%)"><img loading="lazy" srcset="https://i5.walmartimages.com/asr/865d016d-bafa-46cb-b922-b7a8857765ef.eaf0035332794f286cbde28ba2d5de81.jpeg?odnHeight=226&amp;odnWidth=226&amp;odnBg=FFFFFF 1x, https://i5.walmartimages.com/asr/865d016d-bafa-46cb-b922-b7a8857765ef.eaf0035332794f286cbde28ba2d5de81.jpeg?odnHeight=576&amp;odnWidth=576&amp;odnBg=FFFFFF 2x" src="https://i5.walmartimages.com/asr/865d016d-bafa-46cb-b922-b7a8857765ef.eaf0035332794f286cbde28ba2d5de81.jpeg?odnHeight=576&amp;odnWidth=576&amp;odnBg=FFFFFF" width="" height="" class="absolute top-0 left-0" data-testid="productTileImage" alt="Marketside Gluten-Free Classic Hummus 10 oz, Ready to Eat, Resealable Cup"/></div><div class="z-2 absolute bottom--1"><div class="relative dib" data-id="128642379"><button class="w_hhLG w_8nsR w_jDfj pointer bn sans-serif b ph2 flex items-center justify-center w-auto shadow-1" type="button" data-pcss-hide="true" data-automation-id="add-to-cart" aria-label="Add to cart - Marketside Gluten-Free Classic Hummus 10 oz, Ready to Eat, Resealable Cup"><i class="ld ld-Plus" style="font-size:1.5rem;vertical-align:-0.25em;width:1.5rem;height:1.5rem;box-sizing:content-box" title="add to cart"></i><span class="mr2">Add</span></button></div></div></div><div class="mt5 mb0" style="height:24px" data-testid="variant-128642379"></div><div data-automation-id="product-price" class="flex flex-wrap justify-start items-center lh-title mb1-m"><div class="mr1 mr2-xl b black lh-copy f5 f4-l" aria-hidden="true">$2.87</div><span class="w_iUH7">current price $2.87</span><div class="gray mr1 f7 f6-l">28.7 ¢/oz</div></div><span class=""><span class="w_V_DM" style="-webkit-line-clamp:3;padding-bottom:0em;margin-bottom:-0em"><span data-automation-id="product-title" class="normal dark-gray mb0 mt1 lh-title f6 f5-l">Marketside Gluten-Free Classic Hummus 10 oz, Ready to Eat, Resealable Cup</span></span></span><div class="flex items-center mt2"><span class="black inline-flex mr1"><i class="ld ld-StarFill" style="font-size:12px;vertical-align:-0.175em;width:12px;height:12px;box-sizing:content-box" aria-hidden="true"></i><i class="ld ld-StarFill" style="font-size:12px;vertical-align:-0.175em;width:12px;height:12px;box-sizing:content-box" aria-hidden="true"></i><i class="ld ld-StarFill" style="font-size:12px;vertical-align:-0.175em;width:12px;height:12px;box-sizing:content-box" aria-hidden="true"></i><i class="ld ld-StarFill" style="font-size:12px;vertical-align:-0.175em;width:12px;height:12px;box-sizing:content-box" aria-hidden="true"></i><i class="ld ld-Star" style="font-size:12px;vertical-align:-0.175em;width:12px;height:12px;box-sizing:content-box" aria-hidden="true"></i></span><span class="sans-serif gray f7" aria-hidden="true">117</span><span class="w_iUH7">4 out of 5 Stars. 117 reviews</span></div><div></div><div class="mb2 mt2"><span class="w_iUH7">Available for Pickup or Delivery</span><span class="w_VbBP w_mFV6 w_I_19 w_3oNC w_AAn7 mr1 mt1 ph1" aria-hidden="true">Pickup</span><span class="w_VbBP w_mFV6 w_I_19 w_3oNC w_AAn7 mr1 mt1 ph1" aria-hidden="true">Delivery</span></div></div></li><li class="flex flex-column items-center pa1 pr2 pb2" data-slide="4"><div role="group" data-item-id="182988382" class="sans-serif mid-gray relative flex flex-column w-100 h-100 hide-child-opacity" data-testid="product-tile-4" aria-label="Product"><a link-identifier="182988382" class="absolute w-100 h-100 z-1 hide-sibling-opacity" target="" href="/ip/BelGioioso-Fresh-Mozzarella-Snacking-Cheese-plastic-sealed-Specialty-Cheese-Snack-Packs-10-oz/182988382?athcpid=182988382&amp;athpgid=AthenaContentPage_5306523&amp;athcgid=null&amp;athznid=ItemCarousel_3a9ac1b8-ade8-4111-8a9e-135dc476d189_items&amp;athieid=v0&amp;athstid=CS020&amp;athguid=RlEjjy3vFDoOKlTIw3pddki_Ijj7yfueE6BV&amp;athancid=null&amp;athena=true"><span class="w_iUH7"><h3>BelGioioso Fresh Mozzarella Snacking Cheese, plastic sealed Specialty Cheese Snack Packs, 10 oz</h3></span></a><div class="h2 relative mv2"></div><div class="relative"><div class="relative overflow-hidden" style="max-width:226px;height:0;padding-bottom:min(226px, 100%);align-self:center;width:min(226px, 100%)"><img loading="lazy" srcset="https://i5.walmartimages.com/asr/81d61f7c-8ce8-4a89-81a0-e7100601b5c5.7901d9d38a425e5e91595a99978fe229.png?odnHeight=226&amp;odnWidth=226&amp;odnBg=FFFFFF 1x, https://i5.walmartimages.com/asr/81d61f7c-8ce8-4a89-81a0-e7100601b5c5.7901d9d38a425e5e91595a99978fe229.png?odnHeight=576&amp;odnWidth=576&amp;odnBg=FFFFFF 2x" src="https://i5.walmartimages.com/asr/81d61f7c-8ce8-4a89-81a0-e7100601b5c5.7901d9d38a425e5e91595a99978fe229.png?odnHeight=576&amp;odnWidth=576&amp;odnBg=FFFFFF" width="" height="" class="absolute top-0 left-0" data-testid="productTileImage" alt="BelGioioso Fresh Mozzarella Snacking Cheese, plastic sealed Specialty Cheese Snack Packs, 10 oz"/></div><div class="z-2 absolute bottom--1"><div class="relative dib" data-id="182988382"><button class="w_hhLG w_8nsR w_jDfj pointer bn sans-serif b ph2 flex items-center justify-center w-auto shadow-1" type="button" data-pcss-hide="true" data-automation-id="add-to-cart" aria-label="Add to cart - BelGioioso Fresh Mozzarella Snacking Cheese, plastic sealed Specialty Cheese Snack Packs, 10 oz"><i class="ld ld-Plus" style="font-size:1.5rem;vertical-align:-0.25em;width:1.5rem;height:1.5rem;box-sizing:content-box" title="add to cart"></i><span class="mr2">Add</span></button></div></div></div><div class="mt5 mb0" style="height:24px" data-testid="variant-182988382"></div><div data-automation-id="product-price" class="flex flex-wrap justify-start items-center lh-title mb1-m"><div class="mr1 mr2-xl b black lh-copy f5 f4-l" aria-hidden="true">$6.34</div><span class="w_iUH7">current price $6.34</span><div class="gray mr1 f7 f6-l">63.4 ¢/oz</div></div><span class=""><span class="w_V_DM" style="-webkit-line-clamp:3;padding-bottom:0em;margin-bottom:-0em"><span data-automation-id="product-title" class="normal dark-gray mb0 mt1 lh-title f6 f5-l">BelGioioso Fresh Mozzarella Snacking Cheese, plastic sealed Specialty Cheese Snack Packs, 10 oz</span></span></span><div class="flex items-center mt2"><span class="black inline-flex mr1"><i class="ld ld-StarFill" style="font-size:12px;vertical-align:-0.175em;width:12px;height:12px;box-sizing:content-box" aria-hidden="true"></i><i class="ld ld-StarFill" style="font-size:12px;vertical-align:-0.175em;width:12px;height:12px;box-sizing:content-box" aria-hidden="true"></i><i class="ld ld-StarFill" style="font-size:12px;vertical-align:-0.175em;width:12px;height:12px;box-sizing:content-box" aria-hidden="true"></i><i class="ld ld-StarFill" style="font-size:12px;vertical-align:-0.175em;width:12px;height:12px;box-sizing:content-box" aria-hidden="true"></i><i class="ld ld-Star" style="font-size:12px;vertical-align:-0.175em;width:12px;height:12px;box-sizing:content-box" aria-hidden="true"></i></span><span class="sans-serif gray f7" aria-hidden="true">39</span><span class="w_iUH7">3.8 out of 5 Stars. 39 reviews</span></div><div></div><div class="mb2 mt2"><span class="w_iUH7">Available for Pickup or Delivery</span><span class="w_VbBP w_mFV6 w_I_19 w_3oNC w_AAn7 mr1 mt1 ph1" aria-hidden="true">Pickup</span><span class="w_VbBP w_mFV6 w_I_19 w_3oNC w_AAn7 mr1 mt1 ph1" aria-hidden="true">Delivery</span></div></div></li><li class="flex flex-column items-center pa1 pr2 pb2" data-slide="5"><div role="group" data-item-id="10316039" class="sans-serif mid-gray relative flex flex-column w-100 h-100 hide-child-opacity" data-testid="product-tile-5" aria-label="Product"><a link-identifier="10316039" class="absolute w-100 h-100 z-1 hide-sibling-opacity" target="" href="/ip/Great-Value-100-Extra-Virgin-Olive-Oil-25-5-fl-oz/10316039?athcpid=10316039&amp;athpgid=AthenaContentPage_5306523&amp;athcgid=null&amp;athznid=ItemCarousel_3a9ac1b8-ade8-4111-8a9e-135dc476d189_items&amp;athieid=v0&amp;athstid=CS020&amp;athguid=RlEjjy3vFDoOKlTIw3pddki_Ijj7yfueE6BV&amp;athancid=null&amp;athena=true&amp;athbdg=L1600"><span class="w_iUH7"><h3>Great Value: 100% Extra Virgin Olive Oil, 25.5 fl oz</h3></span></a><div class="h2 relative mv2"><span class="w_VbBP w_mFV6 w_awtt w_3oNC w_3H8O tag-leading-badge absolute">Best seller</span></div><div class="relative"><div class="relative overflow-hidden" style="max-width:226px;height:0;padding-bottom:min(226px, 100%);align-self:center;width:min(226px, 100%)"><img loading="lazy" srcset="https://i5.walmartimages.com/asr/6cefa369-f2e9-49d3-82f1-8c205dc62b14.4733fb8c6a31408a544370ee241aee81.jpeg?odnHeight=226&amp;odnWidth=226&amp;odnBg=FFFFFF 1x, https://i5.walmartimages.com/asr/6cefa369-f2e9-49d3-82f1-8c205dc62b14.4733fb8c6a31408a544370ee241aee81.jpeg?odnHeight=576&amp;odnWidth=576&amp;odnBg=FFFFFF 2x" src="https://i5.walmartimages.com/asr/6cefa369-f2e9-49d3-82f1-8c205dc62b14.4733fb8c6a31408a544370ee241aee81.jpeg?odnHeight=576&amp;odnWidth=576&amp;odnBg=FFFFFF" width="" height="" class="absolute top-0 left-0" data-testid="productTileImage" alt="Great Value: 100% Extra Virgin Olive Oil, 25.5 fl oz"/></div><div class="z-2 absolute bottom--1"><div class="relative dib" data-id="10316039"><button class="w_hhLG w_8nsR w_jDfj pointer bn sans-serif b ph2 flex items-center justify-center w-auto shadow-1" type="button" data-pcss-hide="true" data-automation-id="add-to-cart" aria-label="Add to cart - Great Value: 100% Extra Virgin Olive Oil, 25.5 fl oz"><i class="ld ld-Plus" style="font-size:1.5rem;vertical-align:-0.25em;width:1.5rem;height:1.5rem;box-sizing:content-box" title="add to cart"></i><span class="mr2">Add</span></button></div></div></div><div class="mt5 mb0" style="height:24px" data-testid="variant-10316039"></div><div data-automation-id="product-price" class="flex flex-wrap justify-start items-center lh-title mb1-m"><div class="mr1 mr2-xl b black lh-copy f5 f4-l" aria-hidden="true">$7.97</div><span class="w_iUH7">current price $7.97</span><div class="gray mr1 f7 f6-l">31.3 ¢/fl oz</div></div><span class=""><span class="w_V_DM" style="-webkit-line-clamp:3;padding-bottom:0em;margin-bottom:-0em"><span data-automation-id="product-title" class="normal dark-gray mb0 mt1 lh-title f6 f5-l">Great Value: 100% Extra Virgin Olive Oil, 25.5 fl oz</span></span></span><div class="flex items-center mt2"><span class="black inline-flex mr1"><i class="ld ld-StarFill" style="font-size:12px;vertical-align:-0.175em;width:12px;height:12px;box-sizing:content-box" aria-hidden="true"></i><i class="ld ld-StarFill" style="font-size:12px;vertical-align:-0.175em;width:12px;height:12px;box-sizing:content-box" aria-hidden="true"></i><i class="ld ld-StarFill" style="font-size:12px;vertical-align:-0.175em;width:12px;height:12px;box-sizing:content-box" aria-hidden="true"></i><i class="ld ld-StarFill" style="font-size:12px;vertical-align:-0.175em;width:12px;height:12px;box-sizing:content-box" aria-hidden="true"></i><i class="ld ld-StarHalf" style="font-size:12px;vertical-align:-0.175em;width:12px;height:12px;box-sizing:content-box" aria-hidden="true"></i></span><span class="sans-serif gray f7" aria-hidden="true">507</span><span class="w_iUH7">4.6 out of 5 Stars. 507 reviews</span></div><div></div><div class="mb2 mt2"><span class="w_iUH7">Available for Pickup or Delivery</span><span class="w_VbBP w_mFV6 w_I_19 w_3oNC w_AAn7 mr1 mt1 ph1" aria-hidden="true">Pickup</span><span class="w_VbBP w_mFV6 w_I_19 w_3oNC w_AAn7 mr1 mt1 ph1" aria-hidden="true">Delivery</span></div></div></li><li class="flex flex-column items-center pa1 pr2 pb2" data-slide="6"><div role="group" data-item-id="586083289" class="sans-serif mid-gray relative flex flex-column w-100 h-100 hide-child-opacity" data-testid="product-tile-6" aria-label="Product"><a link-identifier="586083289" class="absolute w-100 h-100 z-1 hide-sibling-opacity" target="" href="/ip/Fresh-Sliced-Baby-Bella-Mushrooms-8-oz/586083289?athcpid=586083289&amp;athpgid=AthenaContentPage_5306523&amp;athcgid=null&amp;athznid=ItemCarousel_3a9ac1b8-ade8-4111-8a9e-135dc476d189_items&amp;athieid=v0&amp;athstid=CS020&amp;athguid=RlEjjy3vFDoOKlTIw3pddki_Ijj7yfueE6BV&amp;athancid=null&amp;athena=true&amp;athbdg=L1600"><span class="w_iUH7"><h3>Fresh Sliced Baby Bella Mushrooms, 8 oz</h3></span></a><div class="h2 relative mv2"><span class="w_VbBP w_mFV6 w_awtt w_3oNC w_3H8O tag-leading-badge absolute">Best seller</span></div><div class="relative"><div class="relative overflow-hidden" style="max-width:226px;height:0;padding-bottom:min(226px, 100%);align-self:center;width:min(226px, 100%)"><img loading="lazy" srcset="https://i5.walmartimages.com/asr/e03caaae-515f-49f5-a933-be14bb493dd1.055e61887d4b2a85b9374ed8fa559a77.jpeg?odnHeight=226&amp;odnWidth=226&amp;odnBg=FFFFFF 1x, https://i5.walmartimages.com/asr/e03caaae-515f-49f5-a933-be14bb493dd1.055e61887d4b2a85b9374ed8fa559a77.jpeg?odnHeight=576&amp;odnWidth=576&amp;odnBg=FFFFFF 2x" src="https://i5.walmartimages.com/asr/e03caaae-515f-49f5-a933-be14bb493dd1.055e61887d4b2a85b9374ed8fa559a77.jpeg?odnHeight=576&amp;odnWidth=576&amp;odnBg=FFFFFF" width="" height="" class="absolute top-0 left-0" data-testid="productTileImage" alt="Fresh Sliced Baby Bella Mushrooms, 8 oz"/></div><div class="z-2 absolute bottom--1"><div class="relative dib" data-id="586083289"><button class="w_hhLG w_8nsR w_jDfj pointer bn sans-serif b ph2 flex items-center justify-center w-auto shadow-1" type="button" data-pcss-hide="true" data-automation-id="add-to-cart" aria-label="Add to cart - Fresh Sliced Baby Bella Mushrooms, 8 oz"><i class="ld ld-Plus" style="font-size:1.5rem;vertical-align:-0.25em;width:1.5rem;height:1.5rem;box-sizing:content-box" title="add to cart"></i><span class="mr2">Add</span></button></div></div></div><div class="mt5 mb0" style="height:24px" data-testid="variant-586083289"></div><div data-automation-id="product-price" class="flex flex-wrap justify-start items-center lh-title mb1-m"><div class="mr1 mr2-xl b black lh-copy f5 f4-l" aria-hidden="true">$2.28</div><span class="w_iUH7">current price $2.28</span><div class="gray mr1 f7 f6-l">28.5 ¢/oz</div></div><span class=""><span class="w_V_DM" style="-webkit-line-clamp:3;padding-bottom:0em;margin-bottom:-0em"><span data-automation-id="product-title" class="normal dark-gray mb0 mt1 lh-title f6 f5-l">Fresh Sliced Baby Bella Mushrooms, 8 oz</span></span></span><div class="flex items-center mt2"><span class="black inline-flex mr1"><i class="ld ld-StarFill" style="font-size:12px;vertical-align:-0.175em;width:12px;height:12px;box-sizing:content-box" aria-hidden="true"></i><i class="ld ld-StarHalf" style="font-size:12px;vertical-align:-0.175em;width:12px;height:12px;box-sizing:content-box" aria-hidden="true"></i><i class="ld ld-Star" style="font-size:12px;vertical-align:-0.175em;width:12px;height:12px;box-sizing:content-box" aria-hidden="true"></i><i class="ld ld-Star" style="font-size:12px;vertical-align:-0.175em;width:12px;height:12px;box-sizing:content-box" aria-hidden="true"></i><i class="ld ld-Star" style="font-size:12px;vertical-align:-0.175em;width:12px;height:12px;box-sizing:content-box" aria-hidden="true"></i></span><span class="sans-serif gray f7" aria-hidden="true">304</span><span class="w_iUH7">1.5 out of 5 Stars. 304 reviews</span></div><div></div><div class="mb2 mt2"><span class="w_iUH7">Available for Pickup or Delivery</span><span class="w_VbBP w_mFV6 w_I_19 w_3oNC w_AAn7 mr1 mt1 ph1" aria-hidden="true">Pickup</span><span class="w_VbBP w_mFV6 w_I_19 w_3oNC w_AAn7 mr1 mt1 ph1" aria-hidden="true">Delivery</span></div></div></li><li class="flex flex-column items-center pa1 pr2 pb2" data-slide="7"><div role="group" data-item-id="10292273" class="sans-serif mid-gray relative flex flex-column w-100 h-100 hide-child-opacity" data-testid="product-tile-7" aria-label="Product"><a link-identifier="10292273" class="absolute w-100 h-100 z-1 hide-sibling-opacity" target="" href="/ip/Bertolli-Extra-Virgin-Olive-Oil-16-9-fl-oz/10292273?athcpid=10292273&amp;athpgid=AthenaContentPage_5306523&amp;athcgid=null&amp;athznid=ItemCarousel_3a9ac1b8-ade8-4111-8a9e-135dc476d189_items&amp;athieid=v0&amp;athstid=CS020&amp;athguid=RlEjjy3vFDoOKlTIw3pddki_Ijj7yfueE6BV&amp;athancid=null&amp;athena=true&amp;athbdg=L1600"><span class="w_iUH7"><h3>Bertolli Extra Virgin Olive Oil, 16.9 fl oz</h3></span></a><div class="h2 relative mv2"><span class="w_VbBP w_mFV6 w_awtt w_3oNC w_3H8O tag-leading-badge absolute">Best seller</span></div><div class="relative"><div class="relative overflow-hidden" style="max-width:226px;height:0;padding-bottom:min(226px, 100%);align-self:center;width:min(226px, 100%)"><img loading="lazy" srcset="https://i5.walmartimages.com/asr/7e3ffccd-17ca-4ace-b1fd-8dfef8690caf.893109b2a421fc2871b5d04da48df674.jpeg?odnHeight=226&amp;odnWidth=226&amp;odnBg=FFFFFF 1x, https://i5.walmartimages.com/asr/7e3ffccd-17ca-4ace-b1fd-8dfef8690caf.893109b2a421fc2871b5d04da48df674.jpeg?odnHeight=576&amp;odnWidth=576&amp;odnBg=FFFFFF 2x" src="https://i5.walmartimages.com/asr/7e3ffccd-17ca-4ace-b1fd-8dfef8690caf.893109b2a421fc2871b5d04da48df674.jpeg?odnHeight=576&amp;odnWidth=576&amp;odnBg=FFFFFF" width="" height="" class="absolute top-0 left-0" data-testid="productTileImage" alt="Bertolli Extra Virgin Olive Oil, 16.9 fl oz"/></div><div class="z-2 absolute bottom--1"><div class="relative dib" data-id="10292273"><button class="w_hhLG w_8nsR w_jDfj pointer bn sans-serif b ph2 flex items-center justify-center w-auto shadow-1" type="button" data-pcss-hide="true" data-automation-id="add-to-cart" aria-label="Add to cart - Bertolli Extra Virgin Olive Oil, 16.9 fl oz"><i class="ld ld-Plus" style="font-size:1.5rem;vertical-align:-0.25em;width:1.5rem;height:1.5rem;box-sizing:content-box" title="add to cart"></i><span class="mr2">Add</span></button></div></div></div><div class="mt5 mb0" style="height:24px" data-testid="variant-10292273"></div><div data-automation-id="product-price" class="flex flex-wrap justify-start items-center lh-title mb1-m"><div class="mr1 mr2-xl b black lh-copy f5 f4-l" aria-hidden="true">$7.98</div><span class="w_iUH7">current price $7.98</span><div class="gray mr1 f7 f6-l">47.2 ¢/fl oz</div></div><span class=""><span class="w_V_DM" style="-webkit-line-clamp:3;padding-bottom:0em;margin-bottom:-0em"><span data-automation-id="product-title" class="normal dark-gray mb0 mt1 lh-title f6 f5-l">Bertolli Extra Virgin Olive Oil, 16.9 fl oz</span></span></span><div class="flex items-center mt2"><span class="black inline-flex mr1"><i class="ld ld-StarFill" style="font-size:12px;vertical-align:-0.175em;width:12px;height:12px;box-sizing:content-box" aria-hidden="true"></i><i class="ld ld-StarFill" style="font-size:12px;vertical-align:-0.175em;width:12px;height:12px;box-sizing:content-box" aria-hidden="true"></i><i class="ld ld-StarFill" style="font-size:12px;vertical-align:-0.175em;width:12px;height:12px;box-sizing:content-box" aria-hidden="true"></i><i class="ld ld-StarFill" style="font-size:12px;vertical-align:-0.175em;width:12px;height:12px;box-sizing:content-box" aria-hidden="true"></i><i class="ld ld-StarFill" style="font-size:12px;vertical-align:-0.175em;width:12px;height:12px;box-sizing:content-box" aria-hidden="true"></i></span><span class="sans-serif gray f7" aria-hidden="true">811</span><span class="w_iUH7">4.8 out of 5 Stars. 811 reviews</span></div><div></div><div class="mb2 mt2"><span class="w_iUH7">Available for Pickup, Delivery or 3+ day shipping</span><span class="w_VbBP w_mFV6 w_I_19 w_3oNC w_AAn7 mr1 mt1 ph1" aria-hidden="true">Pickup</span><span class="w_VbBP w_mFV6 w_I_19 w_3oNC w_AAn7 mr1 mt1 ph1" aria-hidden="true">Delivery</span><span class="w_VbBP w_mFV6 w_I_19 w_3oNC w_AAn7 mr1 mt1 ph1" aria-hidden="true">3+ day shipping</span></div></div></li><li class="flex flex-column items-center pa1 pr2 pb2" data-slide="8"><div role="group" data-item-id="44391167" class="sans-serif mid-gray relative flex flex-column w-100 h-100 hide-child-opacity" data-testid="product-tile-8" aria-label="Product"><a link-identifier="44391167" class="absolute w-100 h-100 z-1 hide-sibling-opacity" target="" href="/ip/Fresh-Curly-Parsley-Bunch-Each/44391167?athcpid=44391167&amp;athpgid=AthenaContentPage_5306523&amp;athcgid=null&amp;athznid=ItemCarousel_3a9ac1b8-ade8-4111-8a9e-135dc476d189_items&amp;athieid=v0&amp;athstid=CS020&amp;athguid=RlEjjy3vFDoOKlTIw3pddki_Ijj7yfueE6BV&amp;athancid=null&amp;athena=true&amp;athbdg=L1600"><span class="w_iUH7"><h3>Fresh Curly Parsley Bunch, Each</h3></span></a><div class="h2 relative mv2"><span class="w_VbBP w_mFV6 w_awtt w_3oNC w_3H8O tag-leading-badge absolute">Best seller</span></div><div class="relative"><div class="relative overflow-hidden" style="max-width:226px;height:0;padding-bottom:min(226px, 100%);align-self:center;width:min(226px, 100%)"><img loading="lazy" srcset="https://i5.walmartimages.com/asr/7aef0185-b42c-4b90-aaaf-48eefc101ba2.985ed9881b0a6d0cb308dc5d923c3433.jpeg?odnHeight=226&amp;odnWidth=226&amp;odnBg=FFFFFF 1x, https://i5.walmartimages.com/asr/7aef0185-b42c-4b90-aaaf-48eefc101ba2.985ed9881b0a6d0cb308dc5d923c3433.jpeg?odnHeight=576&amp;odnWidth=576&amp;odnBg=FFFFFF 2x" src="https://i5.walmartimages.com/asr/7aef0185-b42c-4b90-aaaf-48eefc101ba2.985ed9881b0a6d0cb308dc5d923c3433.jpeg?odnHeight=576&amp;odnWidth=576&amp;odnBg=FFFFFF" width="" height="" class="absolute top-0 left-0" data-testid="productTileImage" alt="Fresh Curly Parsley Bunch, Each"/></div><div class="z-2 absolute bottom--1"><div class="relative dib" data-id="44391167"><button class="w_hhLG w_8nsR w_jDfj pointer bn sans-serif b ph2 flex items-center justify-center w-auto shadow-1" type="button" data-pcss-hide="true" data-automation-id="add-to-cart" aria-label="Add to cart - Fresh Curly Parsley Bunch, Each"><i class="ld ld-Plus" style="font-size:1.5rem;vertical-align:-0.25em;width:1.5rem;height:1.5rem;box-sizing:content-box" title="add to cart"></i><span class="mr2">Add</span></button></div></div></div><div class="mt5 mb0" style="height:24px" data-testid="variant-44391167"></div><div data-automation-id="product-price" class="flex flex-wrap justify-start items-center lh-title mb1-m"><div class="mr1 mr2-xl b black lh-copy f5 f4-l" aria-hidden="true">$0.98</div><span class="w_iUH7">current price $0.98</span></div><span class=""><span class="w_V_DM" style="-webkit-line-clamp:3;padding-bottom:0em;margin-bottom:-0em"><span data-automation-id="product-title" class="normal dark-gray mb0 mt1 lh-title f6 f5-l">Fresh Curly Parsley Bunch, Each</span></span></span><div class="flex items-center mt2"><span class="black inline-flex mr1"><i class="ld ld-StarFill" style="font-size:12px;vertical-align:-0.175em;width:12px;height:12px;box-sizing:content-box" aria-hidden="true"></i><i class="ld ld-StarHalf" style="font-size:12px;vertical-align:-0.175em;width:12px;height:12px;box-sizing:content-box" aria-hidden="true"></i><i class="ld ld-Star" style="font-size:12px;vertical-align:-0.175em;width:12px;height:12px;box-sizing:content-box" aria-hidden="true"></i><i class="ld ld-Star" style="font-size:12px;vertical-align:-0.175em;width:12px;height:12px;box-sizing:content-box" aria-hidden="true"></i><i class="ld ld-Star" style="font-size:12px;vertical-align:-0.175em;width:12px;height:12px;box-sizing:content-box" aria-hidden="true"></i></span><span class="sans-serif gray f7" aria-hidden="true">199</span><span class="w_iUH7">1.7 out of 5 Stars. 199 reviews</span></div><div></div><div class="mb2 mt2"><span class="w_iUH7">Available for Pickup or Delivery</span><span class="w_VbBP w_mFV6 w_I_19 w_3oNC w_AAn7 mr1 mt1 ph1" aria-hidden="true">Pickup</span><span class="w_VbBP w_mFV6 w_I_19 w_3oNC w_AAn7 mr1 mt1 ph1" aria-hidden="true">Delivery</span></div></div></li><li class="flex flex-column items-center pa1 pr2 pb2" data-slide="9"><div role="group" data-item-id="44391168" class="sans-serif mid-gray relative flex flex-column w-100 h-100 hide-child-opacity" data-testid="product-tile-9" aria-label="Product"><a link-identifier="44391168" class="absolute w-100 h-100 z-1 hide-sibling-opacity" target="" href="/ip/Fresh-Italian-Parsley-Bunch-Each/44391168?athcpid=44391168&amp;athpgid=AthenaContentPage_5306523&amp;athcgid=null&amp;athznid=ItemCarousel_3a9ac1b8-ade8-4111-8a9e-135dc476d189_items&amp;athieid=v0&amp;athstid=CS020&amp;athguid=RlEjjy3vFDoOKlTIw3pddki_Ijj7yfueE6BV&amp;athancid=null&amp;athena=true&amp;athbdg=L1600"><span class="w_iUH7"><h3>Fresh Italian Parsley Bunch, Each</h3></span></a><div class="h2 relative mv2"><span class="w_VbBP w_mFV6 w_awtt w_3oNC w_3H8O tag-leading-badge absolute">Best seller</span></div><div class="relative"><div class="relative overflow-hidden" style="max-width:226px;height:0;padding-bottom:min(226px, 100%);align-self:center;width:min(226px, 100%)"><img loading="lazy" srcset="https://i5.walmartimages.com/asr/b1d1dc1a-80e9-4aeb-a9be-9be1beab755b.a34fe5748c746fe1815dfd5c9a624039.jpeg?odnHeight=226&amp;odnWidth=226&amp;odnBg=FFFFFF 1x, https://i5.walmartimages.com/asr/b1d1dc1a-80e9-4aeb-a9be-9be1beab755b.a34fe5748c746fe1815dfd5c9a624039.jpeg?odnHeight=576&amp;odnWidth=576&amp;odnBg=FFFFFF 2x" src="https://i5.walmartimages.com/asr/b1d1dc1a-80e9-4aeb-a9be-9be1beab755b.a34fe5748c746fe1815dfd5c9a624039.jpeg?odnHeight=576&amp;odnWidth=576&amp;odnBg=FFFFFF" width="" height="" class="absolute top-0 left-0" data-testid="productTileImage" alt="Fresh Italian Parsley Bunch, Each"/></div><div class="z-2 absolute bottom--1"><div class="relative dib" data-id="44391168"><button class="w_hhLG w_8nsR w_jDfj pointer bn sans-serif b ph2 flex items-center justify-center w-auto shadow-1" type="button" data-pcss-hide="true" data-automation-id="add-to-cart" aria-label="Add to cart - Fresh Italian Parsley Bunch, Each"><i class="ld ld-Plus" style="font-size:1.5rem;vertical-align:-0.25em;width:1.5rem;height:1.5rem;box-sizing:content-box" title="add to cart"></i><span class="mr2">Add</span></button></div></div></div><div class="mt5 mb0" style="height:24px" data-testid="variant-44391168"></div><div data-automation-id="product-price" class="flex flex-wrap justify-start items-center lh-title mb1-m"><div class="mr1 mr2-xl b black lh-copy f5 f4-l" aria-hidden="true">$0.98</div><span class="w_iUH7">current price $0.98</span></div><span class=""><span class="w_V_DM" style="-webkit-line-clamp:3;padding-bottom:0em;margin-bottom:-0em"><span data-automation-id="product-title" class="normal dark-gray mb0 mt1 lh-title f6 f5-l">Fresh Italian Parsley Bunch, Each</span></span></span><div class="flex items-center mt2"><span class="black inline-flex mr1"><i class="ld ld-StarFill" style="font-size:12px;vertical-align:-0.175em;width:12px;height:12px;box-sizing:content-box" aria-hidden="true"></i><i class="ld ld-StarFill" style="font-size:12px;vertical-align:-0.175em;width:12px;height:12px;box-sizing:content-box" aria-hidden="true"></i><i class="ld ld-StarHalf" style="font-size:12px;vertical-align:-0.175em;width:12px;height:12px;box-sizing:content-box" aria-hidden="true"></i><i class="ld ld-Star" style="font-size:12px;vertical-align:-0.175em;width:12px;height:12px;box-sizing:content-box" aria-hidden="true"></i><i class="ld ld-Star" style="font-size:12px;vertical-align:-0.175em;width:12px;height:12px;box-sizing:content-box" aria-hidden="true"></i></span><span class="sans-serif gray f7" aria-hidden="true">371</span><span class="w_iUH7">2.3 out of 5 Stars. 371 reviews</span></div><div></div><div class="mb2 mt2"><span class="w_iUH7">Available for Pickup or Delivery</span><span class="w_VbBP w_mFV6 w_I_19 w_3oNC w_AAn7 mr1 mt1 ph1" aria-hidden="true">Pickup</span><span class="w_VbBP w_mFV6 w_I_19 w_3oNC w_AAn7 mr1 mt1 ph1" aria-hidden="true">Delivery</span></div></div></li><li class="flex flex-column items-center pa1 pr2 pb2" data-slide="10"><div role="group" data-item-id="871158621" class="sans-serif mid-gray relative flex flex-column w-100 h-100 hide-child-opacity" data-testid="product-tile-10" aria-label="Product"><a link-identifier="871158621" class="absolute w-100 h-100 z-1 hide-sibling-opacity" target="" href="/ip/Great-Value-Pitted-Kalamata-Greek-Olives-6-35oz-Jar/871158621?athcpid=871158621&amp;athpgid=AthenaContentPage_5306523&amp;athcgid=null&amp;athznid=ItemCarousel_3a9ac1b8-ade8-4111-8a9e-135dc476d189_items&amp;athieid=v0&amp;athstid=CS020&amp;athguid=RlEjjy3vFDoOKlTIw3pddki_Ijj7yfueE6BV&amp;athancid=null&amp;athena=true"><span class="w_iUH7"><h3>Great Value Pitted Kalamata Greek Olives, 6.35oz Jar</h3></span></a><div class="h2 relative mv2"></div><div class="relative"><div class="relative overflow-hidden" style="max-width:226px;height:0;padding-bottom:min(226px, 100%);align-self:center;width:min(226px, 100%)"><img loading="lazy" srcset="https://i5.walmartimages.com/asr/dbad6791-946f-402d-a9ec-c597458e5a85.1a3a65893af98fb05dda969391612bd3.jpeg?odnHeight=226&amp;odnWidth=226&amp;odnBg=FFFFFF 1x, https://i5.walmartimages.com/asr/dbad6791-946f-402d-a9ec-c597458e5a85.1a3a65893af98fb05dda969391612bd3.jpeg?odnHeight=576&amp;odnWidth=576&amp;odnBg=FFFFFF 2x" src="https://i5.walmartimages.com/asr/dbad6791-946f-402d-a9ec-c597458e5a85.1a3a65893af98fb05dda969391612bd3.jpeg?odnHeight=576&amp;odnWidth=576&amp;odnBg=FFFFFF" width="" height="" class="absolute top-0 left-0" data-testid="productTileImage" alt="Great Value Pitted Kalamata Greek Olives, 6.35oz Jar"/></div><div class="z-2 absolute bottom--1"><div class="relative dib" data-id="871158621"><button class="w_hhLG w_8nsR w_jDfj pointer bn sans-serif b ph2 flex items-center justify-center w-auto shadow-1" type="button" data-pcss-hide="true" data-automation-id="add-to-cart" aria-label="Add to cart - Great Value Pitted Kalamata Greek Olives, 6.35oz Jar"><i class="ld ld-Plus" style="font-size:1.5rem;vertical-align:-0.25em;width:1.5rem;height:1.5rem;box-sizing:content-box" title="add to cart"></i><span class="mr2">Add</span></button></div></div></div><div class="mt5 mb0" style="height:24px" data-testid="variant-871158621"></div><div data-automation-id="product-price" class="flex flex-wrap justify-start items-center lh-title mb1-m"><div class="mr1 mr2-xl b black lh-copy f5 f4-l" aria-hidden="true">$3.34</div><span class="w_iUH7">current price $3.34</span><div class="gray mr1 f7 f6-l">52.6 ¢/oz</div></div><span class=""><span class="w_V_DM" style="-webkit-line-clamp:3;padding-bottom:0em;margin-bottom:-0em"><span data-automation-id="product-title" class="normal dark-gray mb0 mt1 lh-title f6 f5-l">Great Value Pitted Kalamata Greek Olives, 6.35oz Jar</span></span></span><div class="flex items-center mt2"><span class="black inline-flex mr1"><i class="ld ld-StarFill" style="font-size:12px;vertical-align:-0.175em;width:12px;height:12px;box-sizing:content-box" aria-hidden="true"></i><i class="ld ld-StarFill" style="font-size:12px;vertical-align:-0.175em;width:12px;height:12px;box-sizing:content-box" aria-hidden="true"></i><i class="ld ld-StarFill" style="font-size:12px;vertical-align:-0.175em;width:12px;height:12px;box-sizing:content-box" aria-hidden="true"></i><i class="ld ld-StarFill" style="font-size:12px;vertical-align:-0.175em;width:12px;height:12px;box-sizing:content-box" aria-hidden="true"></i><i class="ld ld-Star" style="font-size:12px;vertical-align:-0.175em;width:12px;height:12px;box-sizing:content-box" aria-hidden="true"></i></span><span class="sans-serif gray f7" aria-hidden="true">41</span><span class="w_iUH7">3.8 out of 5 Stars. 41 reviews</span></div><div></div><div class="mb2 mt2"><span class="w_iUH7">Available for Pickup or Delivery</span><span class="w_VbBP w_mFV6 w_I_19 w_3oNC w_AAn7 mr1 mt1 ph1" aria-hidden="true">Pickup</span><span class="w_VbBP w_mFV6 w_I_19 w_3oNC w_AAn7 mr1 mt1 ph1" aria-hidden="true">Delivery</span></div></div></li><li class="flex flex-column items-center pa1 pr2 pb2" data-slide="11"><div role="group" data-item-id="46400590" class="sans-serif mid-gray relative flex flex-column w-100 h-100 hide-child-opacity" data-testid="product-tile-11" aria-label="Product"><a link-identifier="46400590" class="absolute w-100 h-100 z-1 hide-sibling-opacity" target="" href="/ip/Athenos-Traditional-Crumbled-Feta-Cheese-6-oz/46400590?athcpid=46400590&amp;athpgid=AthenaContentPage_5306523&amp;athcgid=null&amp;athznid=ItemCarousel_3a9ac1b8-ade8-4111-8a9e-135dc476d189_items&amp;athieid=v0&amp;athstid=CS020&amp;athguid=RlEjjy3vFDoOKlTIw3pddki_Ijj7yfueE6BV&amp;athancid=null&amp;athena=true&amp;athbdg=L1600"><span class="w_iUH7"><h3>Athenos Traditional Crumbled Feta Cheese 6 oz</h3></span></a><div class="h2 relative mv2"><span class="w_VbBP w_mFV6 w_awtt w_3oNC w_3H8O tag-leading-badge absolute">Best seller</span></div><div class="relative"><div class="relative overflow-hidden" style="max-width:226px;height:0;padding-bottom:min(226px, 100%);align-self:center;width:min(226px, 100%)"><img loading="lazy" srcset="https://i5.walmartimages.com/asr/965730d8-7afa-40f8-a17f-f22c34ae6bb8.8c44230e0a6e1800348732565f7b49cc.jpeg?odnHeight=226&amp;odnWidth=226&amp;odnBg=FFFFFF 1x, https://i5.walmartimages.com/asr/965730d8-7afa-40f8-a17f-f22c34ae6bb8.8c44230e0a6e1800348732565f7b49cc.jpeg?odnHeight=576&amp;odnWidth=576&amp;odnBg=FFFFFF 2x" src="https://i5.walmartimages.com/asr/965730d8-7afa-40f8-a17f-f22c34ae6bb8.8c44230e0a6e1800348732565f7b49cc.jpeg?odnHeight=576&amp;odnWidth=576&amp;odnBg=FFFFFF" width="" height="" class="absolute top-0 left-0" data-testid="productTileImage" alt="Athenos Traditional Crumbled Feta Cheese 6 oz"/></div><div class="z-2 absolute bottom--1"><div class="relative dib" data-id="46400590"><button class="w_hhLG w_8nsR w_jDfj pointer bn sans-serif b ph2 flex items-center justify-center w-auto shadow-1" type="button" data-pcss-hide="true" data-automation-id="add-to-cart" aria-label="Add to cart - Athenos Traditional Crumbled Feta Cheese 6 oz"><i class="ld ld-Plus" style="font-size:1.5rem;vertical-align:-0.25em;width:1.5rem;height:1.5rem;box-sizing:content-box" title="add to cart"></i><span class="mr2">Add</span></button></div></div></div><div class="mt5 mb0" style="height:24px" data-testid="variant-46400590"></div><div data-automation-id="product-price" class="flex flex-wrap justify-start items-center lh-title mb1-m"><div class="mr1 mr2-xl b black lh-copy f5 f4-l" aria-hidden="true">$3.76</div><span class="w_iUH7">current price $3.76</span><div class="gray mr1 f7 f6-l">62.7 ¢/oz</div></div><span class=""><span class="w_V_DM" style="-webkit-line-clamp:3;padding-bottom:0em;margin-bottom:-0em"><span data-automation-id="product-title" class="normal dark-gray mb0 mt1 lh-title f6 f5-l">Athenos Traditional Crumbled Feta Cheese 6 oz</span></span></span><div class="flex items-center mt2"><span class="black inline-flex mr1"><i class="ld ld-StarFill" style="font-size:12px;vertical-align:-0.175em;width:12px;height:12px;box-sizing:content-box" aria-hidden="true"></i><i class="ld ld-StarFill" style="font-size:12px;vertical-align:-0.175em;width:12px;height:12px;box-sizing:content-box" aria-hidden="true"></i><i class="ld ld-StarFill" style="font-size:12px;vertical-align:-0.175em;width:12px;height:12px;box-sizing:content-box" aria-hidden="true"></i><i class="ld ld-StarFill" style="font-size:12px;vertical-align:-0.175em;width:12px;height:12px;box-sizing:content-box" aria-hidden="true"></i><i class="ld ld-StarHalf" style="font-size:12px;vertical-align:-0.175em;width:12px;height:12px;box-sizing:content-box" aria-hidden="true"></i></span><span class="sans-serif gray f7" aria-hidden="true">231</span><span class="w_iUH7">4.5 out of 5 Stars. 231 reviews</span></div><div></div><div class="mb2 mt2"><span class="w_iUH7">Available for Pickup or Delivery</span><span class="w_VbBP w_mFV6 w_I_19 w_3oNC w_AAn7 mr1 mt1 ph1" aria-hidden="true">Pickup</span><span class="w_VbBP w_mFV6 w_I_19 w_3oNC w_AAn7 mr1 mt1 ph1" aria-hidden="true">Delivery</span></div></div></li><li class="flex flex-column items-center pa1 pr2 pb2" data-slide="12"><div role="group" data-item-id="51259302" class="sans-serif mid-gray relative flex flex-column w-100 h-100 hide-child-opacity" data-testid="product-tile-12" aria-label="Product"><a link-identifier="51259302" class="absolute w-100 h-100 z-1 hide-sibling-opacity" target="" href="/ip/Fresh-Artichoke-Each/51259302?athcpid=51259302&amp;athpgid=AthenaContentPage_5306523&amp;athcgid=null&amp;athznid=ItemCarousel_3a9ac1b8-ade8-4111-8a9e-135dc476d189_items&amp;athieid=v0&amp;athstid=CS020&amp;athguid=RlEjjy3vFDoOKlTIw3pddki_Ijj7yfueE6BV&amp;athancid=null&amp;athena=true"><span class="w_iUH7"><h3>Fresh Artichoke, Each</h3></span></a><div class="h2 relative mv2"></div><div class="relative"><div class="relative overflow-hidden" style="max-width:226px;height:0;padding-bottom:min(226px, 100%);align-self:center;width:min(226px, 100%)"><img loading="lazy" srcset="https://i5.walmartimages.com/asr/963a2841-33e9-4f14-9447-97a386e98b57.8e1796f357fdc621a34080ea9587a3eb.jpeg?odnHeight=226&amp;odnWidth=226&amp;odnBg=FFFFFF 1x, https://i5.walmartimages.com/asr/963a2841-33e9-4f14-9447-97a386e98b57.8e1796f357fdc621a34080ea9587a3eb.jpeg?odnHeight=576&amp;odnWidth=576&amp;odnBg=FFFFFF 2x" src="https://i5.walmartimages.com/asr/963a2841-33e9-4f14-9447-97a386e98b57.8e1796f357fdc621a34080ea9587a3eb.jpeg?odnHeight=576&amp;odnWidth=576&amp;odnBg=FFFFFF" width="" height="" class="absolute top-0 left-0" data-testid="productTileImage" alt="Fresh Artichoke, Each"/></div><div class="z-2 absolute bottom--1"><div class="relative dib" data-id="51259302"><button class="w_hhLG w_8nsR w_jDfj pointer bn sans-serif b ph2 flex items-center justify-center w-auto shadow-1" type="button" data-pcss-hide="true" data-automation-id="add-to-cart" aria-label="Add to cart - Fresh Artichoke, Each"><i class="ld ld-Plus" style="font-size:1.5rem;vertical-align:-0.25em;width:1.5rem;height:1.5rem;box-sizing:content-box" title="add to cart"></i><span class="mr2">Add</span></button></div></div></div><div class="mt5 mb0" style="height:24px" data-testid="variant-51259302"></div><div data-automation-id="product-price" class="flex flex-wrap justify-start items-center lh-title mb1-m"><div class="mr1 mr2-xl b black lh-copy f5 f4-l" aria-hidden="true">$2.74</div><span class="w_iUH7">current price $2.74</span></div><span class=""><span class="w_V_DM" style="-webkit-line-clamp:3;padding-bottom:0em;margin-bottom:-0em"><span data-automation-id="product-title" class="normal dark-gray mb0 mt1 lh-title f6 f5-l">Fresh Artichoke, Each</span></span></span><div class="flex items-center mt2"><span class="black inline-flex mr1"><i class="ld ld-StarFill" style="font-size:12px;vertical-align:-0.175em;width:12px;height:12px;box-sizing:content-box" aria-hidden="true"></i><i class="ld ld-StarFill" style="font-size:12px;vertical-align:-0.175em;width:12px;height:12px;box-sizing:content-box" aria-hidden="true"></i><i class="ld ld-StarHalf" style="font-size:12px;vertical-align:-0.175em;width:12px;height:12px;box-sizing:content-box" aria-hidden="true"></i><i class="ld ld-Star" style="font-size:12px;vertical-align:-0.175em;width:12px;height:12px;box-sizing:content-box" aria-hidden="true"></i><i class="ld ld-Star" style="font-size:12px;vertical-align:-0.175em;width:12px;height:12px;box-sizing:content-box" aria-hidden="true"></i></span><span class="sans-serif gray f7" aria-hidden="true">103</span><span class="w_iUH7">2.3 out of 5 Stars. 103 reviews</span></div><div></div><div class="mb2 mt2"><span class="w_iUH7">Available for Pickup or Delivery</span><span class="w_VbBP w_mFV6 w_I_19 w_3oNC w_AAn7 mr1 mt1 ph1" aria-hidden="true">Pickup</span><span class="w_VbBP w_mFV6 w_I_19 w_3oNC w_AAn7 mr1 mt1 ph1" aria-hidden="true">Delivery</span></div></div></li></ul><a link-identifier="horizontalScrollerNext" class="absolute dn z-5 bg-white br-100 pa0 pointer db-l br-100 nav-control right-1" aria-label="Next slide for Product Carousel list" data-testid="horizontal-scroller-next" role="button"><i class="ld ld-ChevronRight" style="font-size:1.5rem;vertical-align:-0.25em;padding:12px;width:1.5rem;height:1.5rem;box-sizing:content-box"></i></a></div></section></section></div> <section class="mv3 mv4-xl ml3 mr3-m mh0-l bb b--near-white bn-l"><div class="flex justify-between sans-serif mb3 items-baseline"><h2 class="f4 f3-m truncate ma0">Healthy go-tos</h2></div><div class="w_KPWk w_GxNv" role="list"><div class="w_aoqv w_wRee w_b0y1 w_1ZCx" role="listitem"><article class="sans-serif shadow-1 br3 w-100 bg-white"><a link-identifier="dee27dc4-7c1b-43af-8297-02075a3c2606" class="no-underline" href="https://www.walmart.com/browse/food/fresh-packaged-salads-dressings-dips/976759_976793_9538337"><img loading="lazy" srcset="https://i5.walmartimages.com/dfw/4ff9c6c9-4e42/k2-_fb500f5f-3e56-4903-a1d2-cab2e3fe5d2b.v1.png?odnHeight=340&amp;odnWidth=604&amp;odnBg=FFFFFF 1x,
        https://i5.walmartimages.com/dfw/4ff9c6c9-4e42/k2-_fb500f5f-3e56-4903-a1d2-cab2e3fe5d2b.v1.png?odnHeight=680&amp;odnWidth=1208&amp;odnBg=FFFFFF 2x" src="https://i5.walmartimages.com/dfw/4ff9c6c9-4e42/k2-_fb500f5f-3e56-4903-a1d2-cab2e3fe5d2b.v1.png?odnHeight=340&amp;odnWidth=604&amp;odnBg=FFFFFF" alt="" class="w-100 br3 br--top db h-auto" width="604" height="340"/><div class="pa3 pb0"><h3 class="f4 ma0 mb1 mb2-xl dark-gray lh-title truncate">All about salads</h3><p class="f6 ma0 mid-gray lh-copy" style="height:2.5rem;overflow:hidden;text-overflow:ellipsis" title="Keep it fresh with salad kits, bowls, dressings, and more.">Keep it fresh with salad kits, bowls, dressings, and more.</p></div><span class="pv1 dib b mv3 ml3 ph3 f6 ba br4 b--black black bg-white hover-white hover-bg-black outline-0 no-underline">Shop now</span></a></article></div><div class="w_aoqv w_wRee w_b0y1 w_1ZCx" role="listitem"><article class="sans-serif shadow-1 br3 w-100 bg-white"><a link-identifier="7625d9b9-e2ec-4da9-8ffb-ff1578feac07" class="no-underline" href="https://www.walmart.com/browse/food/fresh-vegetables/976759_976793_8910423"><img loading="lazy" srcset="https://i5.walmartimages.com/dfw/4ff9c6c9-5ab6/k2-_8235667f-fc61-47e5-8248-19bba2222184.v1.png?odnHeight=340&amp;odnWidth=604&amp;odnBg=FFFFFF 1x,
        https://i5.walmartimages.com/dfw/4ff9c6c9-5ab6/k2-_8235667f-fc61-47e5-8248-19bba2222184.v1.png?odnHeight=680&amp;odnWidth=1208&amp;odnBg=FFFFFF 2x" src="https://i5.walmartimages.com/dfw/4ff9c6c9-5ab6/k2-_8235667f-fc61-47e5-8248-19bba2222184.v1.png?odnHeight=340&amp;odnWidth=604&amp;odnBg=FFFFFF" alt="" class="w-100 br3 br--top db h-auto" width="604" height="340"/><div class="pa3 pb0"><h3 class="f4 ma0 mb1 mb2-xl dark-gray lh-title truncate">Vegetables, galore</h3><p class="f6 ma0 mid-gray lh-copy" style="height:2.5rem;overflow:hidden;text-overflow:ellipsis" title="Make yummy, vitamin-packed veggies the start of every plate.">Make yummy, vitamin-packed veggies the start of every plate.</p></div><span class="pv1 dib b mv3 ml3 ph3 f6 ba br4 b--black black bg-white hover-white hover-bg-black outline-0 no-underline">Shop now</span></a></article></div></div></section> <!-- --> <section><div class=""><h2 class="w_kV33 w_LD4J w_mvVb f4 f3-m f2-l f2-xl f2-2xl lh-title mv4 pt3">Related pages</h2><ul class="flex flex-wrap w-100 flex-grow-0 flex-shrink-0 list ma0 pa0 mb4"><li class="w-100 w-50-m w-third-l w-third-xl w-third-2xl mb3"><a link-identifier="Fresh Packaged Produce" class="black f6" href="/browse/health-medicine/fresh-packaged-produce/976760_2915579_3096694_1432107">Fresh Packaged Produce</a></li><li class="w-100 w-50-m w-third-l w-third-xl w-third-2xl mb3"><a link-identifier="Fall Produce" class="black f6" href="/browse/food/fall-produce/976759_976793_4655469">Fall Produce</a></li><li class="w-100 w-50-m w-third-l w-third-xl w-third-2xl mb3"><a link-identifier="Melons" class="black f6" href="/browse/food/melons/976759_976793_9756351_5526945">Melons</a></li><li class="w-100 w-50-m w-third-l w-third-xl w-third-2xl mb3"><a link-identifier="Summer Produce" class="black f6" href="/browse/food/summer-produce/976759_976793_5988105">Summer Produce</a></li><li class="w-100 w-50-m w-third-l w-third-xl w-third-2xl mb3"><a link-identifier="Game Time Produce" class="black f6" href="/browse/food/game-time-produce/976759_976793_7083253">Game Time Produce</a></li><li class="w-100 w-50-m w-third-l w-third-xl w-third-2xl mb3"><a link-identifier="Fresh Pre-Cut Fruits" class="black f6" href="/browse/food/fresh-pre-cut-fruits/976759_976793_8402496_9043545">Fresh Pre-Cut Fruits</a></li><li class="w-100 w-50-m w-third-l w-third-xl w-third-2xl mb3"><a link-identifier="Broccoli Sprout" class="black f6" href="/c/kp/broccoli-sprout">Broccoli Sprout</a></li><li class="w-100 w-50-m w-third-l w-third-xl w-third-2xl mb3"><a link-identifier="Greens Dinner" class="black f6" href="/c/kp/greens-dinner">Greens Dinner</a></li><li class="w-100 w-50-m w-third-l w-third-xl w-third-2xl mb3"><a link-identifier="Kale Creations" class="black f6" href="/c/kp/kale-creations">Kale Creations</a></li><li class="w-100 w-50-m w-third-l w-third-xl w-third-2xl mb3"><a link-identifier="Melon Bread Grocery Gourmet Food" class="black f6" href="/c/kp/melon-bread-grocery-gourmet-food">Melon Bread Grocery Gourmet Food</a></li><li class="w-100 w-50-m w-third-l w-third-xl w-third-2xl mb3"><a link-identifier="Veggy" class="black f6" href="/c/kp/veggy">Veggy</a></li><li class="w-100 w-50-m w-third-l w-third-xl w-third-2xl mb3"><a link-identifier="Yummy Greens" class="black f6" href="/c/kp/yummy-greens">Yummy Greens</a></li></ul></div></section> <div data-testid="copy-block" class="ph3 center f7 mid-gray"><section><h2 class="w_kV33 w_LD4J w_mvVb f5 f3-m f2-l lh-title mt5 mb3">About Produce for Healthy Living - Walmart.com</h2><div class="w_rNem w__2zm" style="height:0;visibility:hidden"><div><h2>Which are the best cheeses for a charcuterie board?</h2><p>Hard cheeses like asiago and gouda hold up well in charcuterie arrangements, as do firm cheeses like cheddar and gruyere. Semi-soft cheese slices of muenster and Havarti may start sticking to each other. You can prevent slices sticking together by arranging the slices alternately with harder cheese slices. A soft cheese like brie, goat cheese, or mascarpone is a nice contrast to the firmer cheeses.</p><h2>What flavors work well for fruit-infused water?</h2><p>Choose fruits, herbs, and spices that have strong flavors to produce the most noticeable taste when making fruit-infused water. Fruits like lemons, limes, and cranberries have strong flavors. Experiment with springs of sage, lavender, lemon balm, mint, or rosemary. Use potent spices like ginger, cardamom, cloves, and cinnamon to create interesting flavor profiles.</p><h2>What produce is best for juicing?</h2><p>High-yield veggies for juicing include cucumber, zucchini, celery, beet, carrot, sweet potato, Swiss chard, and tomato. For more juice from fruits, choose any type of citrus, melon, or apple. Pears and pineapple are high-yield fruits, too.</p></div></div><button class="w_hhLG w_DZvO w_0_LY dib mb4 f6 black pa0 mt1" type="button" tabindex="0">Show more</button></section></div> </div></div></div></div><div class="bg-black-20 absolute--fill" id="backgroundTopNav" style="z-index:9998"></div></main></div></div></div><span><footer class="db pt5-hdkp lh-copy relative z-0"><section><div class="tc ph3 pb4 pt3 bw2 bt-0 bl-0 br-0 b--solid b--near-white pa0-hdkp b--none-hdkp footer-wrapper" style="padding-top:2rem;padding-bottom:2rem"><p class="f5 mt0">We’d love to hear what you think!</p><button class="w_hhLG w_XK4d w_jDfj" type="button">Give feedback</button></div></section><section><ul class="list ma0 mt3 ph3 pt1 ma0-hdkp ph4-hdkp pb4-hdkp pt3-hdkp flex-hdkp flex-wrap-hdkp justify-center-hdkp footer-list" data-testid="responsive-footer-list"><li><a link-identifier="All Departments" class="f6 no-underline mb3 ma0-hdkp footer-link mr4-hdkp db" href="/all-departments">All Departments</a></li><li><a link-identifier="Store Directory" class="f6 no-underline mb3 ma0-hdkp footer-link mr4-hdkp db" aria-label="Store Directory - opens in a new window" target="_blank" rel="noopener noreferrer" href="/store/directory">Store Directory</a></li><li><a link-identifier="Careers" class="f6 no-underline mb3 ma0-hdkp footer-link mr4-hdkp db" aria-label="Careers - opens in a new window" target="_blank" rel="noopener noreferrer" href="https://careers.walmart.com/">Careers</a></li><li><a link-identifier="Our Company" class="f6 no-underline mb3 ma0-hdkp footer-link mr4-hdkp db" aria-label="Our Company - opens in a new window" target="_blank" rel="noopener noreferrer" href="https://corporate.walmart.com/">Our Company</a></li><li><a link-identifier="Sell on Walmart.com" class="f6 no-underline mb3 ma0-hdkp footer-link mr4-hdkp db" aria-label="Sell on Walmart.com - opens in a new window" target="_blank" rel="noopener noreferrer" href="https://marketplace.walmart.com/?utm_source=Walmart.com&amp;utm_medium=link&amp;utm_campaign=footer">Sell on Walmart.com</a></li><li><a link-identifier="Help" class="f6 no-underline mb3 ma0-hdkp footer-link mr4-hdkp db" href="/help">Help</a></li><li><a link-identifier="COVID-19 Vaccine Scheduler" class="f6 no-underline mb3 ma0-hdkp footer-link mr4-hdkp db" href="https://www.walmart.com/cp/flu-shots-immunizations/1228302">COVID-19 Vaccine Scheduler</a></li><li><a link-identifier="Product Recalls" class="f6 no-underline mb3 ma0-hdkp footer-link mr4-hdkp db" aria-label="Product Recalls - opens in a new window" target="_blank" rel="noopener noreferrer" href="https://corporate.walmart.com/recalls">Product Recalls</a></li><li><a link-identifier="Accessibility" class="f6 no-underline mb3 ma0-hdkp footer-link mr4-hdkp db" aria-label="Accessibility - opens in a new window" target="_blank" rel="noopener noreferrer" href="https://www.walmart.com/help/article/responsible-disclosure-and-accessibility-policies/0f173dab8bd942da84b1cd7ab5ffc3cb">Accessibility</a></li><li><a link-identifier="Tax Exempt Program" class="f6 no-underline mb3 ma0-hdkp footer-link mr4-hdkp db" aria-label="Tax Exempt Program - opens in a new window" target="_blank" rel="noopener noreferrer" href="https://www.walmart.com/taxexempt/">Tax Exempt Program</a></li><li><a link-identifier="Get the Walmart App" class="f6 no-underline mb3 ma0-hdkp footer-link mr4-hdkp db" href="https://walmart.onelink.me/UIev?pid=walmart.com&amp;af_web_dp=https%3A%2F%2Fwww.walmart.com%2Fcp%2Fwalmart-mobile-app%2F1087865&amp;c=Walmart.com%20Site%20Footer&amp;af_dp=walmart%3A%2F%2F">Get the Walmart App</a></li><li><a link-identifier="Sign-up for Email" class="f6 no-underline mb3 ma0-hdkp footer-link mr4-hdkp db" href="https://www.walmart.com/cp/email-opt-in/8196352?gbo=1">Sign-up for Email</a></li><li><a link-identifier="Safety Data Sheet" class="f6 no-underline mb3 ma0-hdkp footer-link mr4-hdkp db" href="http://msds.walmartstores.com/">Safety Data Sheet</a></li><li><a link-identifier="Terms of Use" class="f6 no-underline mb3 ma0-hdkp footer-link mr4-hdkp db" href="/help/article/walmart-com-terms-of-use/3b75080af40340d6bbd596f116fae5a0">Terms of Use</a></li><li><a link-identifier="Privacy &amp; Security" class="f6 no-underline mb3 ma0-hdkp footer-link mr4-hdkp db" aria-label="Privacy &amp; Security - opens in a new window" target="_blank" rel="noopener noreferrer" href="https://corporate.walmart.com/privacy-security">Privacy &amp; Security</a></li><li><a link-identifier="California Supply Chain Act" class="f6 no-underline mb3 ma0-hdkp footer-link mr4-hdkp db" aria-label="California Supply Chain Act - opens in a new window" target="_blank" rel="noopener noreferrer" href="https://corporate.walmart.com/california-transparency">California Supply Chain Act</a></li><li><a link-identifier="Your Privacy Choices" class="f6 no-underline mb3 ma0-hdkp footer-link mr4-hdkp flex items-center" aria-label="Your Privacy Choices - opens in a new window" target="_blank" rel="noopener noreferrer" href="https://www.walmart.com/account/api/ccpa-intake?native=false&amp;app=gm&amp;type=sod"><img loading="lazy" width="29" height="14" src="//i5.walmartimages.com/dfwrs/76316474-f70e/k2-_67001355-c576-4ca2-989d-260a2673c41a.v1.png" alt="Privacy choices icon" class="mr1"/>Your Privacy Choices</a></li><li><a link-identifier="Notice at Collection" class="f6 no-underline mb3 ma0-hdkp footer-link mr4-hdkp db" aria-label="Notice at Collection - opens in a new window" target="_blank" rel="noopener noreferrer" href="https://corporate.walmart.com/privacy-security/california-privacy-rights#what-are-the-categories-of-personal-information-collected">Notice at Collection</a></li><li><a link-identifier="Request My Personal Information" class="f6 no-underline mb3 ma0-hdkp footer-link mr4-hdkp db" aria-label="Request My Personal Information - opens in a new window" target="_blank" rel="noopener noreferrer" href="https://www.walmart.com/account/api/ccpa-intake?native=false&amp;app=gm&amp;type=access">Request My Personal Information</a></li><li><a link-identifier="Brand Shop Directory" class="f6 no-underline mb3 ma0-hdkp footer-link mr4-hdkp db" href="https://www.walmart.com/brand/branddirectory">Brand Shop Directory</a></li><li><a link-identifier="#IYWYK" class="f6 no-underline mb3 ma0-hdkp footer-link db" href="https://www.walmart.com/cp/walmart-in-the-know/7781927">#IYWYK</a></li></ul><div class="f7 lh-title mt6 pb5 ph3 pt1 tc-hdkp pa0-hdkp pt2-hdkp ma0-hdkp pb5-hdkp footer-copyright">© 2023 Walmart. All Rights Reserved.</div></section></footer></span> </div></div></div><div aria-live="assertive"></div></div><script id="__NEXT_DATA__" type="application/json" nonce="FUM0e-bhCe9pB-0r">{"props":{"pageProps":{"initialTempoData":{"data":{"contentLayout":{"host":"name of the pod","upstreamStatus":[],"modules":[{"name":"1 SKU and 2 SKU Healthier just got easier VAV","type":"StockKeepingUnit","version":6,"status":"published","schedule":{"start":null,"end":null,"priority":1,"expEnabled":false},"triggers":[{"pageType":"ContentPage","pageId":"5306523","zone":"contentZone1","inheritable":false}],"configs":{"__typename":"TempoWM_GLASSWWWStockKeepingUnitConfigs","oneAndTwoSkuCtaLink":{"title":"Shop all","linkText":"Shop all","clickThrough":{"rawValue":"https://www.walmart.com/browse/food/fresh-pre-cut-vegetables/976759_976793_8910423_2835097","tag":null,"type":"url","value":"https://www.walmart.com/browse/food/fresh-pre-cut-vegetables/976759_976793_8910423_2835097"}},"oneAndTwoSkuImage":{"alt":"Healthier got easier","title":"2545638-011-FOOD-Produce-February-FY23-0127-POV-838x470-A","src":"https://i5.walmartimages.com/dfw/4ff9c6c9-6fd6/k2-_35167078-0cda-4ac1-93ca-9e952e51fabe.v1.jpg","uid":"Sph2qNVc","assetId":"a712232b-179e-44e8-b912-44cd6bbdab4a","assetName":"2545638-011-FOOD-Produce-February-FY23-0127-POV-838x470-A.jpg","clickThrough":null},"imageAlignment":"left","items":["13399617","14053328","344728564","13399618","13399616","350018260","15914054","817773702","37157463","51259258","885551930","218307939","719838605","15556485","15556486","678936555","1055356226","110296422"],"products":[{"canAddToCart":true,"showOptions":false,"badge":{"id":"","text":"Rollback","key":"ROLLBACK","type":"","rank":"","styleId":""},"badgeGroups":[],"badges":{"flags":[{"key":"ROLLBACK","text":"Rollback"}],"labels":null,"tags":[]},"flag":"Rollback","classType":"REGULAR","fulfillmentBadges":[],"fulfillmentSpeed":null,"fulfillmentType":"STORE","id":"13399617","image":"https://i5.walmartimages.com/seo/Broccoli-Florets-12-oz_e9ba3263-86ad-42c8-b713-8e4065ac9d5c.3fe2190a3c18d151428448332affaf36.jpeg","isOutOfStock":false,"maxVisibleSwatchCount":4,"name":"Broccoli Florets, 12 oz","offerId":"D8DA2D2AD00B4184B6EE9C6171D6C8AC","showSubscribe":false,"salesUnitType":"EACH","weightIncrement":1,"preOrder":null,"price":2.57,"priceInfo":{"linePrice":"$2.57","priceDisplayCondition":null,"unitPrice":"21.4 ¢/oz","wasPrice":"$2.88","minPriceForVariant":null,"priceRangeString":"","subscriptionString":"","linePriceDisplay":"Now $2.57","eaPricingPreText":""},"usItemId":"13399617","variantList":[],"isVariantTypeSwatch":false,"type":"REGULAR","rating":{"averageRating":2.5,"numberOfReviews":345},"sponsoredProduct":null,"isSponsoredFlag":false,"brand":"Marketside","canonicalUrl":"/ip/Broccoli-Florets-12-oz/13399617"},{"canAddToCart":true,"showOptions":false,"badge":{"id":"","text":"Rollback","key":"ROLLBACK","type":"","rank":"","styleId":""},"badgeGroups":[],"badges":{"flags":[{"key":"ROLLBACK","text":"Rollback"}],"labels":null,"tags":[]},"flag":"Rollback","classType":"REGULAR","fulfillmentBadges":[],"fulfillmentSpeed":null,"fulfillmentType":"STORE","id":"14053328","image":"https://i5.walmartimages.com/seo/Marketside-Fresh-Green-Beans-12-oz_103b22cf-1823-4c22-bea5-fdd627641db8.143d5bcd166225f7f545acc62faf158e.jpeg","isOutOfStock":false,"maxVisibleSwatchCount":4,"name":"Marketside Fresh Green Beans, 12 oz","offerId":"599DD1EA1800442D8CF6F2296ADCF5A5","showSubscribe":false,"salesUnitType":"EACH","weightIncrement":1,"preOrder":null,"price":2.57,"priceInfo":{"linePrice":"$2.57","priceDisplayCondition":null,"unitPrice":"21.4 ¢/oz","wasPrice":"$2.88","minPriceForVariant":null,"priceRangeString":"","subscriptionString":"","linePriceDisplay":"Now $2.57","eaPricingPreText":""},"usItemId":"14053328","variantList":[],"isVariantTypeSwatch":false,"type":"REGULAR","rating":{"averageRating":1.7,"numberOfReviews":383},"sponsoredProduct":null,"isSponsoredFlag":false,"brand":"New World Farms","canonicalUrl":"/ip/Marketside-Fresh-Green-Beans-12-oz/14053328"},{"canAddToCart":true,"showOptions":false,"badge":{"id":"","text":"Rollback","key":"ROLLBACK","type":"","rank":"","styleId":""},"badgeGroups":[],"badges":{"flags":[{"key":"ROLLBACK","text":"Rollback"}],"labels":null,"tags":[]},"flag":"Rollback","classType":"REGULAR","fulfillmentBadges":[],"fulfillmentSpeed":null,"fulfillmentType":"STORE","id":"344728564","image":"https://i5.walmartimages.com/seo/Marketside-Fresh-Cauliflower-Florets-12-oz_0c6b8a74-e546-4804-bf83-2b35c98aa1b2.5265d9b1455c737239360c6e19cedbbd.jpeg","isOutOfStock":false,"maxVisibleSwatchCount":4,"name":"Marketside Fresh Cauliflower Florets, 12 oz","offerId":"5236094E17CF4EB1AACF435E4C524AD7","showSubscribe":false,"salesUnitType":"EACH","weightIncrement":1,"preOrder":null,"price":2.57,"priceInfo":{"linePrice":"$2.57","priceDisplayCondition":null,"unitPrice":"21.4 ¢/oz","wasPrice":"$2.88","minPriceForVariant":null,"priceRangeString":"","subscriptionString":"","linePriceDisplay":"Now $2.57","eaPricingPreText":""},"usItemId":"344728564","variantList":[],"isVariantTypeSwatch":false,"type":"REGULAR","rating":{"averageRating":1.8,"numberOfReviews":170},"sponsoredProduct":null,"isSponsoredFlag":false,"brand":"Marketside","canonicalUrl":"/ip/Marketside-Fresh-Cauliflower-Florets-12-oz/344728564"},{"canAddToCart":true,"showOptions":false,"badge":{"id":"","text":"Rollback","key":"ROLLBACK","type":"","rank":"","styleId":""},"badgeGroups":[],"badges":{"flags":[{"key":"ROLLBACK","text":"Rollback"}],"labels":null,"tags":[]},"flag":"Rollback","classType":"REGULAR","fulfillmentBadges":[],"fulfillmentSpeed":null,"fulfillmentType":"STORE","id":"13399618","image":"https://i5.walmartimages.com/seo/Fresh-Marketside-Broccoli-and-Cauliflower-12-oz_6699ecb7-67ef-4ae1-a27f-162da66bc0e4.12ded49ded889082acfddf54c5989e2b.jpeg","isOutOfStock":false,"maxVisibleSwatchCount":4,"name":"Fresh Marketside Broccoli and Cauliflower, 12 oz","offerId":"8F2AFF5B47FE4A9688689AAE95C10226","showSubscribe":false,"salesUnitType":"EACH","weightIncrement":1,"preOrder":null,"price":2.57,"priceInfo":{"linePrice":"$2.57","priceDisplayCondition":null,"unitPrice":"21.4 ¢/oz","wasPrice":"$2.88","minPriceForVariant":null,"priceRangeString":"","subscriptionString":"","linePriceDisplay":"Now $2.57","eaPricingPreText":""},"usItemId":"13399618","variantList":[],"isVariantTypeSwatch":false,"type":"REGULAR","rating":{"averageRating":2.6,"numberOfReviews":220},"sponsoredProduct":null,"isSponsoredFlag":false,"brand":"Marketside","canonicalUrl":"/ip/Fresh-Marketside-Broccoli-and-Cauliflower-12-oz/13399618"},{"canAddToCart":true,"showOptions":false,"badge":{"id":"","text":"Rollback","key":"ROLLBACK","type":"","rank":"","styleId":""},"badgeGroups":[],"badges":{"flags":[{"key":"ROLLBACK","text":"Rollback"}],"labels":null,"tags":[]},"flag":"Rollback","classType":"REGULAR","fulfillmentBadges":[],"fulfillmentSpeed":null,"fulfillmentType":"STORE","id":"13399616","image":"https://i5.walmartimages.com/seo/Marketside-Fresh-Vegetable-Medley-Blend-12-oz_e1b24447-13d1-400f-8c08-d028387af462.7bf1e62b403af40061a416cf56c9af22.jpeg","isOutOfStock":false,"maxVisibleSwatchCount":4,"name":"Marketside Fresh Vegetable Medley Blend, 12 oz","offerId":"63890FF600464D29A53BF4E0713825DB","showSubscribe":false,"salesUnitType":"EACH","weightIncrement":1,"preOrder":null,"price":2.57,"priceInfo":{"linePrice":"$2.57","priceDisplayCondition":null,"unitPrice":"21.4 ¢/oz","wasPrice":"$2.88","minPriceForVariant":null,"priceRangeString":"","subscriptionString":"","linePriceDisplay":"Now $2.57","eaPricingPreText":""},"usItemId":"13399616","variantList":[],"isVariantTypeSwatch":false,"type":"REGULAR","rating":{"averageRating":1.5,"numberOfReviews":155},"sponsoredProduct":null,"isSponsoredFlag":false,"brand":"Marketside","canonicalUrl":"/ip/Marketside-Fresh-Vegetable-Medley-Blend-12-oz/13399616"},{"canAddToCart":true,"showOptions":false,"badge":null,"badgeGroups":[],"badges":{"flags":null,"labels":null,"tags":[]},"flag":"","classType":"REGULAR","fulfillmentBadges":[],"fulfillmentSpeed":null,"fulfillmentType":"STORE","id":"350018260","image":"https://i5.walmartimages.com/seo/Marketside-Fresh-Halved-Brussels-Sprouts-12-oz_397fe05c-e020-4294-bcad-29f9c82b6c5f.6384d688bbaf2ee63db5fd4981416dd4.jpeg","isOutOfStock":false,"maxVisibleSwatchCount":4,"name":"Marketside Fresh Halved Brussels Sprouts, 12 oz","offerId":"E7AA119E34B5481EAEC2ADE2B82CAD9A","showSubscribe":false,"salesUnitType":"EACH","weightIncrement":1,"preOrder":null,"price":3.28,"priceInfo":{"linePrice":"$3.28","priceDisplayCondition":null,"unitPrice":"27.3 ¢/oz","minPriceForVariant":null,"priceRangeString":"","subscriptionString":"","linePriceDisplay":"$3.28","eaPricingPreText":""},"usItemId":"350018260","variantList":[],"isVariantTypeSwatch":false,"type":"REGULAR","rating":{"averageRating":1.7,"numberOfReviews":178},"sponsoredProduct":null,"isSponsoredFlag":false,"brand":"Marketside","canonicalUrl":"/ip/Marketside-Fresh-Halved-Brussels-Sprouts-12-oz/350018260"},{"canAddToCart":true,"showOptions":false,"badge":{"id":"","text":"Rollback","key":"ROLLBACK","type":"","rank":"","styleId":""},"badgeGroups":[],"badges":{"flags":[{"key":"ROLLBACK","text":"Rollback"}],"labels":null,"tags":[]},"flag":"Rollback","classType":"REGULAR","fulfillmentBadges":[],"fulfillmentSpeed":null,"fulfillmentType":"STORE","id":"15914054","image":"https://i5.walmartimages.com/seo/Fresh-Vegetable-Medley-Blend-32-oz_4cfde9ea-2a6d-4825-b2b1-4659a1e745ab.1dc4a32b5930ef445100846cf09f8b19.jpeg","isOutOfStock":false,"maxVisibleSwatchCount":4,"name":"Fresh Vegetable Medley Blend, 32 oz","offerId":"7A3A6192732F4C38BD7BC6CA7E312F51","showSubscribe":false,"salesUnitType":"EACH","weightIncrement":1,"preOrder":null,"price":5.38,"priceInfo":{"linePrice":"$5.38","priceDisplayCondition":null,"unitPrice":"16.8 ¢/oz","wasPrice":"$5.98","minPriceForVariant":null,"priceRangeString":"","subscriptionString":"","linePriceDisplay":"Now $5.38","eaPricingPreText":""},"usItemId":"15914054","variantList":[],"isVariantTypeSwatch":false,"type":"REGULAR","rating":{"averageRating":2,"numberOfReviews":137},"sponsoredProduct":null,"isSponsoredFlag":false,"brand":"Marketside","canonicalUrl":"/ip/Fresh-Vegetable-Medley-Blend-32-oz/15914054"},{"canAddToCart":false,"showOptions":false,"badge":null,"badgeGroups":[],"badges":{"flags":null,"labels":null,"tags":[]},"flag":"","classType":"REGULAR","fulfillmentBadges":[],"fulfillmentSpeed":null,"fulfillmentType":"FC","id":"817773702","image":"https://i5.walmartimages.com/seo/Marketside-Fresh-Sweet-Potato-Cubes-16-oz_b248390d-42ee-4414-aab6-febc23c91f18.683b2e2f51387e2dfa3b9511a80648af.jpeg","isOutOfStock":true,"maxVisibleSwatchCount":4,"name":"Marketside Fresh Sweet Potato Cubes, 16 oz","offerId":"1E2BBF7E7117448DA9D33BF8BD5968CC","showSubscribe":false,"salesUnitType":"EACH","weightIncrement":1,"preOrder":null,"price":3.28,"priceInfo":{"linePrice":"$3.28","priceDisplayCondition":null,"unitPrice":"20.5 ¢/oz","minPriceForVariant":null,"priceRangeString":"","subscriptionString":"","linePriceDisplay":"$3.28","eaPricingPreText":""},"usItemId":"817773702","variantList":[],"isVariantTypeSwatch":false,"type":"REGULAR","rating":{"averageRating":1.6,"numberOfReviews":136},"sponsoredProduct":null,"isSponsoredFlag":false,"brand":"Marketside","canonicalUrl":"/ip/Marketside-Fresh-Sweet-Potato-Cubes-16-oz/817773702"},{"canAddToCart":false,"showOptions":false,"badge":null,"badgeGroups":[],"badges":{"flags":null,"labels":null,"tags":[]},"flag":"","classType":"REGULAR","fulfillmentBadges":[],"fulfillmentSpeed":null,"fulfillmentType":"FC","id":"37157463","image":"https://i5.walmartimages.com/seo/Marketside-Fresh-Veggie-Grillers-23-oz_5811c339-dcb5-4745-a14b-3cfc96489b2e.7473112b378f3fc8e27c30d0e5e4dbfd.jpeg","isOutOfStock":true,"maxVisibleSwatchCount":4,"name":"Marketside Fresh Veggie Grillers, 23 oz","offerId":"E47B5D75D8354801BB309E5F534DCD7F","showSubscribe":false,"salesUnitType":"EACH","weightIncrement":1,"preOrder":null,"price":6.48,"priceInfo":{"linePrice":"$6.48","priceDisplayCondition":null,"unitPrice":"28.2 ¢/oz","minPriceForVariant":null,"priceRangeString":"","subscriptionString":"","linePriceDisplay":"$6.48","eaPricingPreText":""},"usItemId":"37157463","variantList":[],"isVariantTypeSwatch":false,"type":"REGULAR","rating":{"averageRating":1.8,"numberOfReviews":211},"sponsoredProduct":null,"isSponsoredFlag":false,"brand":"Marketside","canonicalUrl":"/ip/Marketside-Fresh-Veggie-Grillers-23-oz/37157463"},{"canAddToCart":false,"showOptions":false,"badge":null,"badgeGroups":[],"badges":{"flags":null,"labels":null,"tags":[]},"flag":"","classType":"REGULAR","fulfillmentBadges":[],"fulfillmentSpeed":null,"fulfillmentType":"FC","id":"51259258","image":"https://i5.walmartimages.com/seo/Marketside-Fresh-Butternut-Squash-16-oz_f8f3f48f-46dc-4649-8acc-5894dad4fe16.27d8c60d114d2c37f80ce78b6cb6307c.jpeg","isOutOfStock":true,"maxVisibleSwatchCount":4,"name":"Marketside Fresh Butternut Squash, 16 oz","offerId":"E242439E8E564473BD23D4E902BCCAB0","showSubscribe":false,"salesUnitType":"EACH","weightIncrement":1,"preOrder":null,"price":3.28,"priceInfo":{"linePrice":"$3.28","priceDisplayCondition":null,"unitPrice":"20.5 ¢/oz","minPriceForVariant":null,"priceRangeString":"","subscriptionString":"","linePriceDisplay":"$3.28","eaPricingPreText":""},"usItemId":"51259258","variantList":[],"isVariantTypeSwatch":false,"type":"REGULAR","rating":{"averageRating":1.7,"numberOfReviews":87},"sponsoredProduct":null,"isSponsoredFlag":false,"brand":"Marketside","canonicalUrl":"/ip/Marketside-Fresh-Butternut-Squash-16-oz/51259258"},{"canAddToCart":false,"showOptions":false,"badge":null,"badgeGroups":[],"badges":{"flags":null,"labels":null,"tags":[]},"flag":"","classType":"REGULAR","fulfillmentBadges":[],"fulfillmentSpeed":null,"fulfillmentType":"FC","id":"885551930","image":"https://i5.walmartimages.com/seo/Freshness-Guaranteed-Fajita-Mix-8-oz_1a6a1157-9993-475a-b566-890af9531a5a.a16af71842cc8972ea6e870a6192cce3.jpeg","isOutOfStock":true,"maxVisibleSwatchCount":4,"name":"Freshness Guaranteed Fajita Mix, 8 oz","offerId":"594425B8E0C04C1B84265FB301D325E5","showSubscribe":false,"salesUnitType":"EACH","weightIncrement":1,"preOrder":null,"price":2.88,"priceInfo":{"linePrice":"$2.88","priceDisplayCondition":null,"unitPrice":"36.0 ¢/oz","minPriceForVariant":null,"priceRangeString":"","subscriptionString":"","linePriceDisplay":"$2.88","eaPricingPreText":""},"usItemId":"885551930","variantList":[],"isVariantTypeSwatch":false,"type":"REGULAR","rating":{"averageRating":2,"numberOfReviews":30},"sponsoredProduct":null,"isSponsoredFlag":false,"brand":"Fresh Produce","canonicalUrl":"/ip/Freshness-Guaranteed-Fajita-Mix-8-oz/885551930"},{"canAddToCart":true,"showOptions":false,"badge":null,"badgeGroups":[],"badges":{"flags":null,"labels":null,"tags":[]},"flag":"","classType":"REGULAR","fulfillmentBadges":[],"fulfillmentSpeed":null,"fulfillmentType":"STORE","id":"218307939","image":"https://i5.walmartimages.com/seo/Freshness-Guaranteed-Fajita-Blend-Fresh-Vegetables-8-oz_aa18993e-b01f-4ac8-8bfc-1c504af14f11.6d93bce53692cda9cda29b850052e667.jpeg","isOutOfStock":false,"maxVisibleSwatchCount":4,"name":"Freshness Guaranteed Fajita Blend Fresh Vegetables 8 oz","offerId":"793D085402EA45B9A783DDDCF3684659","showSubscribe":false,"salesUnitType":"EACH","weightIncrement":1,"preOrder":null,"price":2.88,"priceInfo":{"linePrice":"$2.88","priceDisplayCondition":null,"unitPrice":"36.0 ¢/oz","minPriceForVariant":null,"priceRangeString":"","subscriptionString":"","linePriceDisplay":"$2.88","eaPricingPreText":""},"usItemId":"218307939","variantList":[],"isVariantTypeSwatch":false,"type":"REGULAR","rating":{"averageRating":2.5,"numberOfReviews":2},"sponsoredProduct":null,"isSponsoredFlag":false,"brand":"Fresh Produce","canonicalUrl":"/ip/Freshness-Guaranteed-Fajita-Blend-Fresh-Vegetables-8-oz/218307939"},{"canAddToCart":true,"showOptions":false,"badge":null,"badgeGroups":[],"badges":{"flags":null,"labels":null,"tags":[]},"flag":"","classType":"REGULAR","fulfillmentBadges":[],"fulfillmentSpeed":null,"fulfillmentType":"STORE","id":"719838605","image":"https://i5.walmartimages.com/seo/Freshness-Guaranteed-Diced-Fresh-Mirepoix-Blend-10-oz_e30ddd0b-0b64-47c0-b768-b93748343990_2.a33a67ee60e2e6cb652d300bd6544b57.jpeg","isOutOfStock":false,"maxVisibleSwatchCount":4,"name":"Freshness Guaranteed Diced Fresh Mirepoix Blend, 10 oz","offerId":"42E6600A477648B38BF8D5D3F7B62C87","showSubscribe":false,"salesUnitType":"EACH","weightIncrement":1,"preOrder":null,"price":2.88,"priceInfo":{"linePrice":"$2.88","priceDisplayCondition":null,"unitPrice":"28.8 ¢/oz","minPriceForVariant":null,"priceRangeString":"","subscriptionString":"","linePriceDisplay":"$2.88","eaPricingPreText":""},"usItemId":"719838605","variantList":[],"isVariantTypeSwatch":false,"type":"REGULAR","rating":{"averageRating":2.5,"numberOfReviews":14},"sponsoredProduct":null,"isSponsoredFlag":false,"brand":"Fresh Produce","canonicalUrl":"/ip/Freshness-Guaranteed-Diced-Fresh-Mirepoix-Blend-10-oz/719838605"},{"canAddToCart":true,"showOptions":false,"badge":null,"badgeGroups":[],"badges":{"flags":null,"labels":null,"tags":[]},"flag":"","classType":"REGULAR","fulfillmentBadges":[],"fulfillmentSpeed":null,"fulfillmentType":"STORE","id":"15556485","image":"https://i5.walmartimages.com/seo/Freshness-Guaranteed-Diced-Fresh-Yellow-Onions-8-oz_493089ec-d875-4a2c-ab63-2d40d2d48a24.5de507ec4db3d970fe307c9c71d78fac.jpeg","isOutOfStock":false,"maxVisibleSwatchCount":4,"name":"Freshness Guaranteed Diced Fresh Yellow Onions, 8 oz","offerId":"E413D874FCD245D6A42C41F9F277BA41","showSubscribe":false,"salesUnitType":"EACH","weightIncrement":1,"preOrder":null,"price":2.88,"priceInfo":{"linePrice":"$2.88","priceDisplayCondition":null,"unitPrice":"36.0 ¢/oz","minPriceForVariant":null,"priceRangeString":"","subscriptionString":"","linePriceDisplay":"$2.88","eaPricingPreText":""},"usItemId":"15556485","variantList":[],"isVariantTypeSwatch":false,"type":"REGULAR","rating":{"averageRating":2.5,"numberOfReviews":282},"sponsoredProduct":null,"isSponsoredFlag":false,"brand":"Fresh Produce","canonicalUrl":"/ip/Freshness-Guaranteed-Diced-Fresh-Yellow-Onions-8-oz/15556485"},{"canAddToCart":true,"showOptions":false,"badge":null,"badgeGroups":[],"badges":{"flags":null,"labels":null,"tags":[]},"flag":"","classType":"REGULAR","fulfillmentBadges":[],"fulfillmentSpeed":null,"fulfillmentType":"STORE","id":"15556486","image":"https://i5.walmartimages.com/seo/Freshness-Guaranteed-Sliced-Fresh-Green-Onions-4-oz_1026b667-0e68-4d6c-99bc-d7f66712556b.d134f97b5d6b967cbe9056ec1fe90acd.jpeg","isOutOfStock":false,"maxVisibleSwatchCount":4,"name":"Freshness Guaranteed Sliced Fresh Green Onions, 4 oz","offerId":"B9979443204D459FB7283EE06A3B3C94","showSubscribe":false,"salesUnitType":"EACH","weightIncrement":1,"preOrder":null,"price":2.88,"priceInfo":{"linePrice":"$2.88","priceDisplayCondition":null,"unitPrice":"72.0 ¢/oz","minPriceForVariant":null,"priceRangeString":"","subscriptionString":"","linePriceDisplay":"$2.88","eaPricingPreText":""},"usItemId":"15556486","variantList":[],"isVariantTypeSwatch":false,"type":"REGULAR","rating":{"averageRating":1.5,"numberOfReviews":176},"sponsoredProduct":null,"isSponsoredFlag":false,"brand":"Freshness Guaranteed","canonicalUrl":"/ip/Freshness-Guaranteed-Sliced-Fresh-Green-Onions-4-oz/15556486"},{"canAddToCart":true,"showOptions":false,"badge":null,"badgeGroups":[],"badges":{"flags":null,"labels":null,"tags":[]},"flag":"","classType":"REGULAR","fulfillmentBadges":[],"fulfillmentSpeed":null,"fulfillmentType":"STORE","id":"678936555","image":"https://i5.walmartimages.com/seo/Fresh-Organic-Green-Beans-12-oz_108105ea-055e-47ce-980e-2f385213c59f_3.1b3824547ef26ea24b675df6114243f8.jpeg","isOutOfStock":false,"maxVisibleSwatchCount":4,"name":"Fresh Organic Green Beans 12 oz","offerId":"FCF38DEB269243E1AB8387B319D9CE44","showSubscribe":false,"salesUnitType":"EACH","weightIncrement":1,"preOrder":null,"price":3.77,"priceInfo":{"linePrice":"$3.77","priceDisplayCondition":null,"unitPrice":"31.4 ¢/oz","minPriceForVariant":null,"priceRangeString":"","subscriptionString":"","linePriceDisplay":"$3.77","eaPricingPreText":""},"usItemId":"678936555","variantList":[],"isVariantTypeSwatch":false,"type":"REGULAR","rating":{"averageRating":1.7,"numberOfReviews":134},"sponsoredProduct":null,"isSponsoredFlag":false,"brand":"Marketside","canonicalUrl":"/ip/Fresh-Organic-Green-Beans-12-oz/678936555"},{"canAddToCart":false,"showOptions":false,"badge":null,"badgeGroups":[],"badges":{"flags":[],"labels":null,"tags":[]},"flag":"","classType":"REGULAR","fulfillmentBadges":[],"fulfillmentSpeed":null,"fulfillmentType":null,"id":"1055356226","image":"https://i5.walmartimages.com/seo/Fresh-Marketside-Organic-Vegetable-Medley-12-oz_8115756d-4e74-4059-a521-e06ed8ab2ba9_2.4c77890f3df06becafa41d7331c925f4.jpeg","isOutOfStock":true,"maxVisibleSwatchCount":4,"name":"Fresh Marketside Organic Vegetable Medley, 12 oz","offerId":null,"showSubscribe":false,"salesUnitType":"EACH","weightIncrement":1,"preOrder":null,"price":0,"priceInfo":{"priceDisplayCondition":null,"minPriceForVariant":null,"priceRangeString":"","subscriptionString":"","eaPricingPreText":""},"usItemId":"1055356226","variantList":[],"isVariantTypeSwatch":false,"type":"REGULAR","rating":{"averageRating":2.3,"numberOfReviews":7},"sponsoredProduct":null,"isSponsoredFlag":false,"brand":"Marketside","canonicalUrl":"/ip/Fresh-Marketside-Organic-Vegetable-Medley-12-oz/1055356226"},{"canAddToCart":true,"showOptions":false,"badge":null,"badgeGroups":[],"badges":{"flags":null,"labels":null,"tags":[]},"flag":"","classType":"REGULAR","fulfillmentBadges":[],"fulfillmentSpeed":null,"fulfillmentType":"STORE","id":"110296422","image":"https://i5.walmartimages.com/seo/Goodlife-Markdown-29_5b5433bd-e4b8-4c6a-b7af-27c82e454467_1.8bf3db0ea690b0cb6c410cd0829d3b22.jpeg","isOutOfStock":false,"maxVisibleSwatchCount":4,"name":"Goodlife Markdown 29","offerId":"17ABF8596A0B4B83A10C50D2BF6BF266","showSubscribe":false,"salesUnitType":"EACH","weightIncrement":1,"preOrder":null,"price":2.88,"priceInfo":{"linePrice":"$2.88","priceDisplayCondition":null,"unitPrice":"18.0 ¢/oz","minPriceForVariant":null,"priceRangeString":"","subscriptionString":"","linePriceDisplay":"$2.88","eaPricingPreText":""},"usItemId":"110296422","variantList":[],"isVariantTypeSwatch":false,"type":"REGULAR","rating":{"averageRating":0,"numberOfReviews":0},"sponsoredProduct":null,"isSponsoredFlag":false,"brand":"Marketside","canonicalUrl":"/ip/Goodlife-Markdown-29/110296422"}],"subCopy":null,"title":"Healthier just got easier"},"publishedDate":1693246541333,"moduleId":"40840c14-59ad-40ba-8a79-692ed65aa5f1","module_id":"40840c14-59ad-40ba-8a79-692ed65aa5f1","matchedTrigger":{"pageType":"ContentPage","pageId":"5306523","zone":"contentZone1","inheritable":false}},{"name":"Antioxidant and immunity ","type":"ItemCarousel","version":2,"status":"published","schedule":{"start":null,"end":null,"priority":2,"expEnabled":false},"triggers":[{"pageType":"ContentPage","pageId":"5306523","zone":"contentZone8","inheritable":false}],"configs":{"__typename":"TempoWM_GLASSWWWItemCarouselConfigsV1","type":null,"title":"Antioxidant \u0026 immunity boost","subTitle":null,"viewAllLink":null,"spBeaconInfo":null,"tileOptions":null,"productsConfig":{"products":[{"canAddToCart":true,"showOptions":false,"badge":{"id":"L1600","text":"Best seller","key":"BESTSELLER","type":"LABEL","rank":1,"styleId":null},"badgeGroups":[],"badges":{"flags":[{"key":"BESTSELLER","text":"Best seller","type":"LABEL","id":"L1600","rank":1,"styleId":null}],"labels":[],"tags":[{"key":"PICKUP","text":"Pickup","id":"L1001","rank":null},{"key":"DELIVERY","text":"Delivery","id":"L1002","rank":null}],"groups":[]},"earlyAccessEvent":false,"eventAttributes":{"specialBuy":false,"priceFlip":false},"flag":"Best seller","classType":"REGULAR","fulfillmentBadges":["Pickup","Delivery"],"fulfillmentSpeed":null,"fulfillmentType":"STORE","id":"162577028","image":"https://i5.walmartimages.com/asr/a6054c7f-7e7b-4de8-9f04-1f87bafa4c3e.76cf34255799375020421060def8bb2e.jpeg","isEarlyAccessItem":false,"isOutOfStock":false,"maxVisibleSwatchCount":4,"name":"Fresh Navel Orange, Each","groupMetaData":null,"itemType":null,"pac":null,"offerId":"508D671A070B4235A40FA262453AAB26","sellerId":"F55CDC31AB754BB68FE0B39041159D63","showSubscribe":false,"sellerName":null,"salesUnitType":"EACH","weightIncrement":1,"hasSellerBadge":null,"preOrder":{"streetDate":null,"streetDateDisplayable":null,"streetDateType":null,"isPreOrder":false,"preOrderMessage":null,"preOrderStreetDateMessage":null},"price":0.88,"priceInfo":{"linePrice":"$0.88","priceDisplayCondition":null,"priceRangeString":"","subscriptionString":"","linePriceDisplay":"$0.88","eaPricingPreText":""},"usItemId":"162577028","variantList":[],"isVariantTypeSwatch":false,"type":"REGULAR","rating":{"averageRating":2,"numberOfReviews":742},"sponsoredProduct":null,"isSponsoredFlag":false,"brand":"Fresh Produce","canonicalUrl":"/ip/Fresh-Navel-Orange-Each/162577028?athcpid=162577028\u0026athpgid=AthenaContentPage_5306523\u0026athcgid=null\u0026athznid=ItemCarousel_3d794dd4-7a8b-4665-a4ae-ebabdc512f58_items\u0026athieid=v0\u0026athstid=CS020\u0026athguid=RlEjjy3vFDoOKlTIw3pddki_Ijj7yfueE6BV\u0026athancid=null\u0026athena=true\u0026athbdg=L1600"},{"canAddToCart":true,"showOptions":false,"badge":null,"badgeGroups":[],"badges":{"flags":null,"labels":[],"tags":[{"key":"PICKUP","text":"Pickup","id":"L1001","rank":null},{"key":"DELIVERY","text":"Delivery","id":"L1002","rank":null}],"groups":[]},"earlyAccessEvent":false,"eventAttributes":{"specialBuy":false,"priceFlip":false},"flag":"","classType":"REGULAR","fulfillmentBadges":["Pickup","Delivery"],"fulfillmentSpeed":null,"fulfillmentType":"STORE","id":"1732560925","image":"https://i5.walmartimages.com/asr/58566f1b-31b1-4e76-b0c2-39403a93c0c7.c8b5bd91935856cbdb15b7587d8c031e.jpeg","isEarlyAccessItem":false,"isOutOfStock":false,"maxVisibleSwatchCount":4,"name":"Fresh Blueberries, 11 oz or 1 Pint Container","groupMetaData":null,"itemType":null,"pac":null,"offerId":"482F090A53EB4B2CB1AB807CB7040677","sellerId":"F55CDC31AB754BB68FE0B39041159D63","showSubscribe":false,"sellerName":null,"salesUnitType":"EACH","weightIncrement":1,"hasSellerBadge":null,"preOrder":{"streetDate":null,"streetDateDisplayable":null,"streetDateType":null,"isPreOrder":false,"preOrderMessage":null,"preOrderStreetDateMessage":null},"price":5.57,"priceInfo":{"linePrice":"$5.57","priceDisplayCondition":null,"unitPrice":"50.6 ¢/oz","priceRangeString":"","subscriptionString":"","linePriceDisplay":"$5.57","eaPricingPreText":""},"usItemId":"1732560925","variantList":[],"isVariantTypeSwatch":false,"type":"REGULAR","rating":{"averageRating":3.5,"numberOfReviews":1446},"sponsoredProduct":null,"isSponsoredFlag":false,"brand":"Fresh Produce","canonicalUrl":"/ip/Fresh-Blueberries-11-oz-or-1-Pint-Container/1732560925?athcpid=1732560925\u0026athpgid=AthenaContentPage_5306523\u0026athcgid=null\u0026athznid=ItemCarousel_3d794dd4-7a8b-4665-a4ae-ebabdc512f58_items\u0026athieid=v0\u0026athstid=CS020\u0026athguid=RlEjjy3vFDoOKlTIw3pddki_Ijj7yfueE6BV\u0026athancid=null\u0026athena=true"},{"canAddToCart":true,"showOptions":false,"badge":null,"badgeGroups":[],"badges":{"flags":null,"labels":[],"tags":[{"key":"PICKUP","text":"Pickup","id":"L1001","rank":null},{"key":"DELIVERY","text":"Delivery","id":"L1002","rank":null}],"groups":[]},"earlyAccessEvent":false,"eventAttributes":{"specialBuy":false,"priceFlip":false},"flag":"","classType":"REGULAR","fulfillmentBadges":["Pickup","Delivery"],"fulfillmentSpeed":null,"fulfillmentType":"STORE","id":"44391666","image":"https://i5.walmartimages.com/asr/1728165a-48ac-46d7-98d2-71daa67f615b_1.626e0ec13971f8220e13b80030c8089f.jpeg","isEarlyAccessItem":false,"isOutOfStock":false,"maxVisibleSwatchCount":4,"name":"Fresh Raspberries, 6 oz Container","groupMetaData":null,"itemType":null,"pac":null,"offerId":"AA388D8ECF7D41669319A73F252D213A","sellerId":"F55CDC31AB754BB68FE0B39041159D63","showSubscribe":false,"sellerName":null,"salesUnitType":"EACH","weightIncrement":1,"hasSellerBadge":null,"preOrder":{"streetDate":null,"streetDateDisplayable":null,"streetDateType":null,"isPreOrder":false,"preOrderMessage":null,"preOrderStreetDateMessage":null},"price":2.77,"priceInfo":{"linePrice":"$2.77","priceDisplayCondition":null,"unitPrice":"46.2 ¢/oz","priceRangeString":"","subscriptionString":"","linePriceDisplay":"$2.77","eaPricingPreText":""},"usItemId":"44391666","variantList":[],"isVariantTypeSwatch":false,"type":"REGULAR","rating":{"averageRating":2.6,"numberOfReviews":2067},"sponsoredProduct":null,"isSponsoredFlag":false,"brand":"Fresh Produce","canonicalUrl":"/ip/Fresh-Raspberries-6-oz-Container/44391666?athcpid=44391666\u0026athpgid=AthenaContentPage_5306523\u0026athcgid=null\u0026athznid=ItemCarousel_3d794dd4-7a8b-4665-a4ae-ebabdc512f58_items\u0026athieid=v0\u0026athstid=CS020\u0026athguid=RlEjjy3vFDoOKlTIw3pddki_Ijj7yfueE6BV\u0026athancid=null\u0026athena=true"},{"canAddToCart":true,"showOptions":false,"badge":null,"badgeGroups":[],"badges":{"flags":null,"labels":[],"tags":[{"key":"PICKUP","text":"Pickup","id":"L1001","rank":null},{"key":"DELIVERY","text":"Delivery","id":"L1002","rank":null}],"groups":[]},"earlyAccessEvent":false,"eventAttributes":{"specialBuy":false,"priceFlip":false},"flag":"","classType":"REGULAR","fulfillmentBadges":["Pickup","Delivery"],"fulfillmentSpeed":null,"fulfillmentType":"STORE","id":"47314798","image":"https://i5.walmartimages.com/asr/cb53bc27-f467-4569-a6aa-f37a398f1d05_1.de0ff806baa995d2c33fa3f2cf893f7e.jpeg","isEarlyAccessItem":false,"isOutOfStock":false,"maxVisibleSwatchCount":4,"name":"Fresh Blackberries, 6 oz Container","groupMetaData":null,"itemType":null,"pac":null,"offerId":"CFB74D827558435E9CB6805AE0BE0CCA","sellerId":"F55CDC31AB754BB68FE0B39041159D63","showSubscribe":false,"sellerName":null,"salesUnitType":"EACH","weightIncrement":1,"hasSellerBadge":null,"preOrder":{"streetDate":null,"streetDateDisplayable":null,"streetDateType":null,"isPreOrder":false,"preOrderMessage":null,"preOrderStreetDateMessage":null},"price":2.97,"priceInfo":{"linePrice":"$2.97","priceDisplayCondition":null,"unitPrice":"49.5 ¢/oz","priceRangeString":"","subscriptionString":"","linePriceDisplay":"$2.97","eaPricingPreText":""},"usItemId":"47314798","variantList":[],"isVariantTypeSwatch":false,"type":"REGULAR","rating":{"averageRating":2.2,"numberOfReviews":1354},"sponsoredProduct":null,"isSponsoredFlag":false,"brand":"Fresh Produce","canonicalUrl":"/ip/Fresh-Blackberries-6-oz-Container/47314798?athcpid=47314798\u0026athpgid=AthenaContentPage_5306523\u0026athcgid=null\u0026athznid=ItemCarousel_3d794dd4-7a8b-4665-a4ae-ebabdc512f58_items\u0026athieid=v0\u0026athstid=CS020\u0026athguid=RlEjjy3vFDoOKlTIw3pddki_Ijj7yfueE6BV\u0026athancid=null\u0026athena=true"},{"canAddToCart":true,"showOptions":false,"badge":null,"badgeGroups":[],"badges":{"flags":null,"labels":[],"tags":[{"key":"PICKUP","text":"Pickup","id":"L1001","rank":null},{"key":"DELIVERY","text":"Delivery","id":"L1002","rank":null}],"groups":[]},"earlyAccessEvent":false,"eventAttributes":{"specialBuy":false,"priceFlip":false},"flag":"","classType":"REGULAR","fulfillmentBadges":["Pickup","Delivery"],"fulfillmentSpeed":null,"fulfillmentType":"STORE","id":"622057236","image":"https://i5.walmartimages.com/asr/dc9b9465-0c58-4147-b88d-5c86ea54de31.eb8bb8d17115d97ee43755f9e9e2f76c.jpeg","isEarlyAccessItem":false,"isOutOfStock":false,"maxVisibleSwatchCount":4,"name":"Fresh Blackberries, 12 oz Container","groupMetaData":null,"itemType":null,"pac":null,"offerId":"3727927C7C7146DA944B607793DC6314","sellerId":"F55CDC31AB754BB68FE0B39041159D63","showSubscribe":false,"sellerName":null,"salesUnitType":"EACH","weightIncrement":1,"hasSellerBadge":null,"preOrder":{"streetDate":null,"streetDateDisplayable":null,"streetDateType":null,"isPreOrder":false,"preOrderMessage":null,"preOrderStreetDateMessage":null},"price":5.74,"priceInfo":{"linePrice":"$5.74","priceDisplayCondition":null,"unitPrice":"47.8 ¢/oz","priceRangeString":"","subscriptionString":"","linePriceDisplay":"$5.74","eaPricingPreText":""},"usItemId":"622057236","variantList":[],"isVariantTypeSwatch":false,"type":"REGULAR","rating":{"averageRating":1.6,"numberOfReviews":521},"sponsoredProduct":null,"isSponsoredFlag":false,"brand":"Fresh Produce","canonicalUrl":"/ip/Fresh-Blackberries-12-oz-Container/622057236?athcpid=622057236\u0026athpgid=AthenaContentPage_5306523\u0026athcgid=null\u0026athznid=ItemCarousel_3d794dd4-7a8b-4665-a4ae-ebabdc512f58_items\u0026athieid=v0\u0026athstid=CS020\u0026athguid=RlEjjy3vFDoOKlTIw3pddki_Ijj7yfueE6BV\u0026athancid=null\u0026athena=true"},{"canAddToCart":true,"showOptions":false,"badge":{"id":"L1600","text":"Best seller","key":"BESTSELLER","type":"LABEL","rank":1,"styleId":null},"badgeGroups":[],"badges":{"flags":[{"key":"BESTSELLER","text":"Best seller","type":"LABEL","id":"L1600","rank":1,"styleId":null}],"labels":[],"tags":[{"key":"PICKUP","text":"Pickup","id":"L1001","rank":null},{"key":"DELIVERY","text":"Delivery","id":"L1002","rank":null}],"groups":[]},"earlyAccessEvent":false,"eventAttributes":{"specialBuy":false,"priceFlip":false},"flag":"Best seller","classType":"REGULAR","fulfillmentBadges":["Pickup","Delivery"],"fulfillmentSpeed":null,"fulfillmentType":"STORE","id":"44391012","image":"https://i5.walmartimages.com/asr/5fa99ca0-ae7b-4030-ae4e-8ac4e1621eb3_1.d784bf085b7b2b98c065fded42d727f1.jpeg","isEarlyAccessItem":false,"isOutOfStock":false,"maxVisibleSwatchCount":4,"name":"Fresh Navel Oranges, 4 lb Bag","groupMetaData":null,"itemType":null,"pac":null,"offerId":"E4FA20C50D904FEDAC91238C6581D441","sellerId":"F55CDC31AB754BB68FE0B39041159D63","showSubscribe":false,"sellerName":null,"salesUnitType":"EACH","weightIncrement":1,"hasSellerBadge":null,"preOrder":{"streetDate":null,"streetDateDisplayable":null,"streetDateType":null,"isPreOrder":false,"preOrderMessage":null,"preOrderStreetDateMessage":null},"price":4.97,"priceInfo":{"linePrice":"$4.97","priceDisplayCondition":null,"unitPrice":"$1.24/lb","priceRangeString":"","subscriptionString":"","linePriceDisplay":"$4.97","eaPricingPreText":""},"usItemId":"44391012","variantList":[],"isVariantTypeSwatch":false,"type":"REGULAR","rating":{"averageRating":1.9,"numberOfReviews":1108},"sponsoredProduct":null,"isSponsoredFlag":false,"brand":"Fresh Produce","canonicalUrl":"/ip/Fresh-Navel-Oranges-4-lb-Bag/44391012?athcpid=44391012\u0026athpgid=AthenaContentPage_5306523\u0026athcgid=null\u0026athznid=ItemCarousel_3d794dd4-7a8b-4665-a4ae-ebabdc512f58_items\u0026athieid=v0\u0026athstid=CS020\u0026athguid=RlEjjy3vFDoOKlTIw3pddki_Ijj7yfueE6BV\u0026athancid=null\u0026athena=true\u0026athbdg=L1600"},{"canAddToCart":true,"showOptions":false,"badge":null,"badgeGroups":[],"badges":{"flags":null,"labels":[],"tags":[{"key":"PICKUP","text":"Pickup","id":"L1001","rank":null},{"key":"DELIVERY","text":"Delivery","id":"L1002","rank":null}],"groups":[]},"earlyAccessEvent":false,"eventAttributes":{"specialBuy":false,"priceFlip":false},"flag":"","classType":"REGULAR","fulfillmentBadges":["Pickup","Delivery"],"fulfillmentSpeed":null,"fulfillmentType":"STORE","id":"44391069","image":"https://i5.walmartimages.com/asr/35e5e43b-d7f7-4c05-ad55-d2df5404c1cd_1.8a8b9be88694f526967d6d5b24c78bae.jpeg","isEarlyAccessItem":false,"isOutOfStock":false,"maxVisibleSwatchCount":4,"name":"Fresh Navel Oranges, 8 lb Bag","groupMetaData":null,"itemType":null,"pac":null,"offerId":"FBAF3BC0172B499B8BF161DD0E5E60C1","sellerId":"F55CDC31AB754BB68FE0B39041159D63","showSubscribe":false,"sellerName":null,"salesUnitType":"EACH","weightIncrement":1,"hasSellerBadge":null,"preOrder":{"streetDate":null,"streetDateDisplayable":null,"streetDateType":null,"isPreOrder":false,"preOrderMessage":null,"preOrderStreetDateMessage":null},"price":8.96,"priceInfo":{"linePrice":"$8.96","priceDisplayCondition":null,"priceRangeString":"","subscriptionString":"","linePriceDisplay":"$8.96","eaPricingPreText":""},"usItemId":"44391069","variantList":[],"isVariantTypeSwatch":false,"type":"REGULAR","rating":{"averageRating":1.9,"numberOfReviews":433},"sponsoredProduct":null,"isSponsoredFlag":false,"brand":"Fresh Produce","canonicalUrl":"/ip/Fresh-Navel-Oranges-8-lb-Bag/44391069?athcpid=44391069\u0026athpgid=AthenaContentPage_5306523\u0026athcgid=null\u0026athznid=ItemCarousel_3d794dd4-7a8b-4665-a4ae-ebabdc512f58_items\u0026athieid=v0\u0026athstid=CS020\u0026athguid=RlEjjy3vFDoOKlTIw3pddki_Ijj7yfueE6BV\u0026athancid=null\u0026athena=true"},{"canAddToCart":true,"showOptions":false,"badge":{"id":"L1600","text":"Best seller","key":"BESTSELLER","type":"LABEL","rank":1,"styleId":null},"badgeGroups":[],"badges":{"flags":[{"key":"BESTSELLER","text":"Best seller","type":"LABEL","id":"L1600","rank":1,"styleId":null}],"labels":[],"tags":[{"key":"PICKUP","text":"Pickup","id":"L1001","rank":null},{"key":"DELIVERY","text":"Delivery","id":"L1002","rank":null}],"groups":[]},"earlyAccessEvent":false,"eventAttributes":{"specialBuy":false,"priceFlip":false},"flag":"Best seller","classType":"REGULAR","fulfillmentBadges":["Pickup","Delivery"],"fulfillmentSpeed":null,"fulfillmentType":"STORE","id":"51259387","image":"https://i5.walmartimages.com/asr/c23d870b-225f-4818-afe3-0b4add48afe6.b78126a7bd277fd29afbeb21dac10e04.jpeg","isEarlyAccessItem":false,"isOutOfStock":false,"maxVisibleSwatchCount":4,"name":"Fresh Red Grapefruit, Each","groupMetaData":null,"itemType":null,"pac":null,"offerId":"33A05E8DA73C48979F1EDB68AFF5E9C1","sellerId":"F55CDC31AB754BB68FE0B39041159D63","showSubscribe":false,"sellerName":null,"salesUnitType":"EACH","weightIncrement":1,"hasSellerBadge":null,"preOrder":{"streetDate":null,"streetDateDisplayable":null,"streetDateType":null,"isPreOrder":false,"preOrderMessage":null,"preOrderStreetDateMessage":null},"price":1.18,"priceInfo":{"linePrice":"$1.18","priceDisplayCondition":null,"priceRangeString":"","subscriptionString":"","linePriceDisplay":"$1.18","eaPricingPreText":""},"usItemId":"51259387","variantList":[],"isVariantTypeSwatch":false,"type":"REGULAR","rating":{"averageRating":2.4,"numberOfReviews":541},"sponsoredProduct":null,"isSponsoredFlag":false,"brand":"Fresh Produce","canonicalUrl":"/ip/Fresh-Red-Grapefruit-Each/51259387?athcpid=51259387\u0026athpgid=AthenaContentPage_5306523\u0026athcgid=null\u0026athznid=ItemCarousel_3d794dd4-7a8b-4665-a4ae-ebabdc512f58_items\u0026athieid=v0\u0026athstid=CS020\u0026athguid=RlEjjy3vFDoOKlTIw3pddki_Ijj7yfueE6BV\u0026athancid=null\u0026athena=true\u0026athbdg=L1600"},{"canAddToCart":true,"showOptions":false,"badge":null,"badgeGroups":[],"badges":{"flags":null,"labels":[],"tags":[{"key":"PICKUP","text":"Pickup","id":"L1001","rank":null},{"key":"DELIVERY","text":"Delivery","id":"L1002","rank":null}],"groups":[]},"earlyAccessEvent":false,"eventAttributes":{"specialBuy":false,"priceFlip":false},"flag":"","classType":"REGULAR","fulfillmentBadges":["Pickup","Delivery"],"fulfillmentSpeed":null,"fulfillmentType":"STORE","id":"51259195","image":"https://i5.walmartimages.com/asr/9b84af97-6b8d-4eae-b425-f5c61f424ac5.24cc26efbf95c43c758eac871c485527.jpeg","isEarlyAccessItem":false,"isOutOfStock":false,"maxVisibleSwatchCount":4,"name":"Fresh Red Grapefruit, 5 lb Bag","groupMetaData":null,"itemType":null,"pac":null,"offerId":"753A2DDA82D74A7682AC216BAE099443","sellerId":"F55CDC31AB754BB68FE0B39041159D63","showSubscribe":false,"sellerName":null,"salesUnitType":"EACH","weightIncrement":1,"hasSellerBadge":null,"preOrder":{"streetDate":null,"streetDateDisplayable":null,"streetDateType":null,"isPreOrder":false,"preOrderMessage":null,"preOrderStreetDateMessage":null},"price":5.98,"priceInfo":{"linePrice":"$5.98","priceDisplayCondition":null,"unitPrice":"$1.20/lb","priceRangeString":"","subscriptionString":"","linePriceDisplay":"$5.98","eaPricingPreText":""},"usItemId":"51259195","variantList":[],"isVariantTypeSwatch":false,"type":"REGULAR","rating":{"averageRating":1.9,"numberOfReviews":213},"sponsoredProduct":null,"isSponsoredFlag":false,"brand":"Fresh Produce","canonicalUrl":"/ip/Fresh-Red-Grapefruit-5-lb-Bag/51259195?athcpid=51259195\u0026athpgid=AthenaContentPage_5306523\u0026athcgid=null\u0026athznid=ItemCarousel_3d794dd4-7a8b-4665-a4ae-ebabdc512f58_items\u0026athieid=v0\u0026athstid=CS020\u0026athguid=RlEjjy3vFDoOKlTIw3pddki_Ijj7yfueE6BV\u0026athancid=null\u0026athena=true"}]}},"publishedDate":1691388797753,"moduleId":"3d794dd4-7a8b-4665-a4ae-ebabdc512f58","module_id":"3d794dd4-7a8b-4665-a4ae-ebabdc512f58","matchedTrigger":{"pageType":"ContentPage","pageId":"5306523","zone":"contentZone8","inheritable":false}},{"name":"Healthy breakfast","type":"POVCards","version":6,"status":"published","schedule":{"start":null,"end":null,"priority":1,"expEnabled":false},"triggers":[{"pageType":"ContentPage","pageId":"5306523","zone":"contentZone3","inheritable":false}],"configs":{"__typename":"TempoWM_GLASSWWWPOVCardsConfigsV1","headingText":"Healthy breakfast","viewAllLink":null,"imageAspectRatio":"regular","cardsV1":[{"headingText":"Delicious bowls","descriptionText":"Create your own with fresh fruits.","image":{"alt":"From scoops to sips, find satiating yogurt snacks. Shop now.","assetId":"ea6eb076-446d-402c-a878-c3eb3457535f","assetName":"1416492-007-FOOD-Glass-Fresh-produce-Salad-month-0415-POV-838x470-C.jpg","src":"https://i5.walmartimages.com/dfw/4ff9c6c9-c94f/k2-_b249b052-5691-4260-a4d7-0255f8f0d03e.v1.jpg","width":"838","height":"470"},"link":{"clickThrough":{"value":"/browse/fresh-produce/fresh-fruits/976759_976793_9756351"},"linkText":"Shop now"}},{"headingText":"Smoothie goodness","descriptionText":"Fresh fruits and vegetables that makes refreshing drinks.","image":{"alt":"Fully-loaded with fruits and veggies to start your day.","assetId":"aeaf6bf2-ec19-428d-b6b3-e4d9d3634136","assetName":"1319031-012-FOOD-Glass-Dairy-Eggs-March-POV-838x470-.jpg","src":"https://i5.walmartimages.com/dfw/4ff9c6c9-1779/k2-_db1275f0-dd2c-44ab-accf-4da6643a92c7.v1.jpg","width":"838","height":"470"},"link":{"clickThrough":{"value":"/browse/juicing-fruits-\u0026-vegetables/0/0/?_refineresult=true\u0026_be_shelf_id=6144663\u0026search_sort=100\u0026facet=shelf_id:6144663"},"linkText":"Shop now"}}]},"publishedDate":1691388798362,"moduleId":"10a5b1cf-58b5-41cc-9918-b2316a870e58","module_id":"10a5b1cf-58b5-41cc-9918-b2316a870e58","matchedTrigger":{"pageType":"ContentPage","pageId":"5306523","zone":"contentZone3","inheritable":false}},{"name":"Healthy living Produce FY23 Nav Pills Jan","type":"StaticNavigationPills","version":8,"status":"published","schedule":{"start":null,"end":null,"priority":1,"expEnabled":false},"triggers":[{"pageType":"ContentPage","pageId":"5306523","zone":"contentZone2","inheritable":false}],"configs":{"__typename":"TempoWM_GLASSWWWStaticNavigationPillsConfigs","NavPills":[{"title":"Plant-based proteins","description":null,"url":{"clickThrough":{"value":"https://www.walmart.com/browse/food/plant-based-protein-tofu/976759_976793_6919650","rawValue":"https://www.walmart.com/browse/food/plant-based-protein-tofu/976759_976793_6919650"}}},{"title":"Organic produce","description":null,"url":{"clickThrough":{"value":"https://www.walmart.com/browse/food/organic-produce/976759_976793_1913529","rawValue":"https://www.walmart.com/browse/food/organic-produce/976759_976793_1913529"}}},{"title":"Salad kits \u0026 bowls","description":null,"url":{"clickThrough":{"value":"https://www.walmart.com/browse/food/salad-kits-bowls/976759_976793_9538337_6180034","rawValue":"https://www.walmart.com/browse/food/salad-kits-bowls/976759_976793_9538337_6180034"}}},{"title":"Lettuce","description":null,"url":{"clickThrough":{"value":"https://www.walmart.com/browse/food/lettuce-whole-greens/976759_976793_8910423_1740611","rawValue":"https://www.walmart.com/browse/food/lettuce-whole-greens/976759_976793_8910423_1740611"}}},{"title":"Fresh dressings","description":null,"url":{"clickThrough":{"value":"https://www.walmart.com/browse/food/fresh-dressings/976759_976793_9538337_5920602","rawValue":"https://www.walmart.com/browse/food/fresh-dressings/976759_976793_9538337_5920602"}}},{"title":"Game-time produce","description":null,"url":{"clickThrough":{"value":"https://www.walmart.com/browse/food/game-time-produce/976759_976793_7083253","rawValue":"https://www.walmart.com/browse/food/game-time-produce/976759_976793_7083253"}}},{"title":"Fresh fruits","description":null,"url":{"clickThrough":{"value":"https://www.walmart.com/browse/food/fresh-fruits/976759_976793_9756351","rawValue":"https://www.walmart.com/browse/food/fresh-fruits/976759_976793_9756351"}}},{"title":"Fresh vegetables","description":null,"url":{"clickThrough":{"value":"https://www.walmart.com/browse/food/fresh-vegetables/976759_976793_8910423","rawValue":"https://www.walmart.com/browse/food/fresh-vegetables/976759_976793_8910423"}}},{"title":"Pre-cut fruit","description":null,"url":{"clickThrough":{"value":"https://www.walmart.com/browse/food/fresh-pre-cut-fruits/976759_976793_8402496_9043545","rawValue":"https://www.walmart.com/browse/food/fresh-pre-cut-fruits/976759_976793_8402496_9043545"}}},{"title":"Pre-cut vegetables","description":null,"url":{"clickThrough":{"value":"https://www.walmart.com/browse/food/fresh-pre-cut-vegetables/976759_976793_8910423_2835097","rawValue":"https://www.walmart.com/browse/food/fresh-pre-cut-vegetables/976759_976793_8910423_2835097"}}},{"title":"Salsa \u0026 dips","description":null,"url":{"clickThrough":{"value":"https://www.walmart.com/browse/food/salsa-dips/976759_976793_9538337_9157112","rawValue":"https://www.walmart.com/browse/food/salsa-dips/976759_976793_9538337_9157112"}}},{"title":"Fresh herbs","description":null,"url":{"clickThrough":{"value":"https://www.walmart.com/browse/food/fresh-herbs/976759_976793_3513831","rawValue":"https://www.walmart.com/browse/food/fresh-herbs/976759_976793_3513831"}}},{"title":"Meal prep containers","description":"Meal prep containers","url":{"clickThrough":{"value":"https://www.walmart.com/browse/home/meal-prep-containers/4044_623679_1032619_5842891_8561628?povid=Home_D74__XSELL_Storage_MealPrep_CP_ProduceHealthyLiving","rawValue":"https://www.walmart.com/browse/home/meal-prep-containers/4044_623679_1032619_5842891_8561628?povid=Home_D74__XSELL_Storage_MealPrep_CP_ProduceHealthyLiving"}}},{"title":"Shop all fresh produce","description":"Fresh Produce","url":{"clickThrough":{"value":"https://www.walmart.com/cp/fresh-produce/976793","rawValue":"https://www.walmart.com/cp/fresh-produce/976793"}}}]},"publishedDate":1691388799953,"moduleId":"4d7017cc-84b1-4c2c-b291-fdb823760703","module_id":"4d7017cc-84b1-4c2c-b291-fdb823760703","matchedTrigger":{"pageType":"ContentPage","pageId":"5306523","zone":"contentZone2","inheritable":false}},{"name":"Item Carousel FY23 January Just mix \u0026 eat","type":"ItemCarousel","version":2,"status":"published","schedule":{"start":null,"end":null,"priority":1,"expEnabled":false},"triggers":[{"pageType":"ContentPage","pageId":"5306523","zone":"contentZone7","inheritable":false}],"configs":{"__typename":"TempoWM_GLASSWWWItemCarouselConfigsV1","type":null,"title":"Just mix \u0026 eat","subTitle":null,"viewAllLink":null,"spBeaconInfo":null,"tileOptions":null,"productsConfig":{"products":[{"canAddToCart":true,"showOptions":false,"badge":null,"badgeGroups":[],"badges":{"flags":null,"labels":[],"tags":[{"key":"PICKUP","text":"Pickup","id":"L1001","rank":null},{"key":"DELIVERY","text":"Delivery","id":"L1002","rank":null}],"groups":[]},"earlyAccessEvent":false,"eventAttributes":{"specialBuy":false,"priceFlip":false},"flag":"","classType":"REGULAR","fulfillmentBadges":["Pickup","Delivery"],"fulfillmentSpeed":null,"fulfillmentType":"STORE","id":"26543475","image":"https://i5.walmartimages.com/asr/f8e9a7fd-2c64-4bfc-9bb0-d86ce0e5353d.46cdf4a45a1af71f47ea68cbc75af74b.jpeg","isEarlyAccessItem":false,"isOutOfStock":false,"maxVisibleSwatchCount":4,"name":"Marketside Caesar Salad Kit Family Size, 17.8 oz Bag, Fresh","groupMetaData":null,"itemType":null,"pac":null,"offerId":"6199187FDFE44FBBBE0634B4315A6BFB","sellerId":"F55CDC31AB754BB68FE0B39041159D63","showSubscribe":false,"sellerName":null,"salesUnitType":"EACH","weightIncrement":1,"hasSellerBadge":null,"preOrder":{"streetDate":null,"streetDateDisplayable":null,"streetDateType":null,"isPreOrder":false,"preOrderMessage":null,"preOrderStreetDateMessage":null},"price":4.98,"priceInfo":{"linePrice":"$4.98","priceDisplayCondition":null,"unitPrice":"28.0 ¢/oz","priceRangeString":"","subscriptionString":"","linePriceDisplay":"$4.98","eaPricingPreText":""},"usItemId":"26543475","variantList":[],"isVariantTypeSwatch":false,"type":"REGULAR","rating":{"averageRating":0,"numberOfReviews":0},"sponsoredProduct":null,"isSponsoredFlag":false,"brand":"Marketside","canonicalUrl":"/ip/Marketside-Caesar-Salad-Kit-Family-Size-17-8-oz-Bag-Fresh/26543475?athcpid=26543475\u0026athpgid=AthenaContentPage_5306523\u0026athcgid=null\u0026athznid=ItemCarousel_ea60556d-5028-414b-a292-cddbdf476182_items\u0026athieid=v0\u0026athstid=CS020\u0026athguid=RlEjjy3vFDoOKlTIw3pddki_Ijj7yfueE6BV\u0026athancid=null\u0026athena=true"},{"canAddToCart":true,"showOptions":false,"badge":null,"badgeGroups":[],"badges":{"flags":null,"labels":[],"tags":[{"key":"PICKUP","text":"Pickup","id":"L1001","rank":null},{"key":"DELIVERY","text":"Delivery","id":"L1002","rank":null}],"groups":[]},"earlyAccessEvent":false,"eventAttributes":{"specialBuy":false,"priceFlip":false},"flag":"","classType":"REGULAR","fulfillmentBadges":["Pickup","Delivery"],"fulfillmentSpeed":null,"fulfillmentType":"STORE","id":"431610884","image":"https://i5.walmartimages.com/asr/3e2b1835-f71b-4b8b-a1ef-ac4d6b5e40e0.ef8ad47d137fde2b513ff62c27c565a4.jpeg","isEarlyAccessItem":false,"isOutOfStock":false,"maxVisibleSwatchCount":4,"name":"Marketside Avocado Ranch Chopped Salad Kit, 10.3 oz Bag, Fresh","groupMetaData":null,"itemType":null,"pac":null,"offerId":"602DDA20EC2B4B14B8F1380933FC6CCD","sellerId":"F55CDC31AB754BB68FE0B39041159D63","showSubscribe":false,"sellerName":null,"salesUnitType":"EACH","weightIncrement":1,"hasSellerBadge":null,"preOrder":{"streetDate":null,"streetDateDisplayable":null,"streetDateType":null,"isPreOrder":false,"preOrderMessage":null,"preOrderStreetDateMessage":null},"price":3.98,"priceInfo":{"linePrice":"$3.98","priceDisplayCondition":null,"unitPrice":"38.6 ¢/oz","priceRangeString":"","subscriptionString":"","linePriceDisplay":"$3.98","eaPricingPreText":""},"usItemId":"431610884","variantList":[],"isVariantTypeSwatch":false,"type":"REGULAR","rating":{"averageRating":0,"numberOfReviews":0},"sponsoredProduct":null,"isSponsoredFlag":false,"brand":"Marketside","canonicalUrl":"/ip/Marketside-Avocado-Ranch-Chopped-Salad-Kit-10-3-oz-Bag-Fresh/431610884?athcpid=431610884\u0026athpgid=AthenaContentPage_5306523\u0026athcgid=null\u0026athznid=ItemCarousel_ea60556d-5028-414b-a292-cddbdf476182_items\u0026athieid=v0\u0026athstid=CS020\u0026athguid=RlEjjy3vFDoOKlTIw3pddki_Ijj7yfueE6BV\u0026athancid=null\u0026athena=true"},{"canAddToCart":true,"showOptions":false,"badge":null,"badgeGroups":[],"badges":{"flags":null,"labels":[],"tags":[{"key":"PICKUP","text":"Pickup","id":"L1001","rank":null},{"key":"DELIVERY","text":"Delivery","id":"L1002","rank":null}],"groups":[]},"earlyAccessEvent":false,"eventAttributes":{"specialBuy":false,"priceFlip":false},"flag":"","classType":"REGULAR","fulfillmentBadges":["Pickup","Delivery"],"fulfillmentSpeed":null,"fulfillmentType":"STORE","id":"366110558","image":"https://i5.walmartimages.com/asr/4c642b5d-d37a-4602-add9-d6c62eb560bf.696798a2f6586faed4d84136d65e7245.jpeg","isEarlyAccessItem":false,"isOutOfStock":false,"maxVisibleSwatchCount":4,"name":"Taylor Farms Everything Chopped Salad Kit, 11.57 oz Bag, Fresh","groupMetaData":null,"itemType":null,"pac":null,"offerId":"88F79A99E22745A0B7A1528EA8E357D6","sellerId":"F55CDC31AB754BB68FE0B39041159D63","showSubscribe":false,"sellerName":null,"salesUnitType":"EACH","weightIncrement":1,"hasSellerBadge":null,"preOrder":{"streetDate":null,"streetDateDisplayable":null,"streetDateType":null,"isPreOrder":false,"preOrderMessage":null,"preOrderStreetDateMessage":null},"price":3.98,"priceInfo":{"linePrice":"$3.98","priceDisplayCondition":null,"unitPrice":"34.4 ¢/oz","priceRangeString":"","subscriptionString":"","linePriceDisplay":"$3.98","eaPricingPreText":""},"usItemId":"366110558","variantList":[],"isVariantTypeSwatch":false,"type":"REGULAR","rating":{"averageRating":0,"numberOfReviews":0},"sponsoredProduct":null,"isSponsoredFlag":false,"brand":"Taylor Farms","canonicalUrl":"/ip/Taylor-Farms-Everything-Chopped-Salad-Kit-11-57-oz-Bag-Fresh/366110558?athcpid=366110558\u0026athpgid=AthenaContentPage_5306523\u0026athcgid=null\u0026athznid=ItemCarousel_ea60556d-5028-414b-a292-cddbdf476182_items\u0026athieid=v0\u0026athstid=CS020\u0026athguid=RlEjjy3vFDoOKlTIw3pddki_Ijj7yfueE6BV\u0026athancid=null\u0026athena=true"},{"canAddToCart":true,"showOptions":false,"badge":null,"badgeGroups":[],"badges":{"flags":null,"labels":[],"tags":[{"key":"PICKUP","text":"Pickup","id":"L1001","rank":null},{"key":"DELIVERY","text":"Delivery","id":"L1002","rank":null}],"groups":[]},"earlyAccessEvent":false,"eventAttributes":{"specialBuy":false,"priceFlip":false},"flag":"","classType":"REGULAR","fulfillmentBadges":["Pickup","Delivery"],"fulfillmentSpeed":null,"fulfillmentType":"STORE","id":"690599074","image":"https://i5.walmartimages.com/asr/5c3a5d4e-19d0-4161-949a-e6b331fa4ec7_1.670bed778bd847e70844c4236031c7d1.jpeg","isEarlyAccessItem":false,"isOutOfStock":false,"maxVisibleSwatchCount":4,"name":"Marketside Sunflower Bacon Crunch Chopped Salad Kit, 10.6 oz Bag, Fresh","groupMetaData":null,"itemType":null,"pac":null,"offerId":"4C62681032E9439A80B06089D3C0A89C","sellerId":"F55CDC31AB754BB68FE0B39041159D63","showSubscribe":false,"sellerName":null,"salesUnitType":"EACH","weightIncrement":1,"hasSellerBadge":null,"preOrder":{"streetDate":null,"streetDateDisplayable":null,"streetDateType":null,"isPreOrder":false,"preOrderMessage":null,"preOrderStreetDateMessage":null},"price":3.98,"priceInfo":{"linePrice":"$3.98","priceDisplayCondition":null,"unitPrice":"37.5 ¢/oz","priceRangeString":"","subscriptionString":"","linePriceDisplay":"$3.98","eaPricingPreText":""},"usItemId":"690599074","variantList":[],"isVariantTypeSwatch":false,"type":"REGULAR","rating":{"averageRating":0,"numberOfReviews":0},"sponsoredProduct":null,"isSponsoredFlag":false,"brand":"Marketside","canonicalUrl":"/ip/Marketside-Sunflower-Bacon-Crunch-Chopped-Salad-Kit-10-6-oz-Bag-Fresh/690599074?athcpid=690599074\u0026athpgid=AthenaContentPage_5306523\u0026athcgid=null\u0026athznid=ItemCarousel_ea60556d-5028-414b-a292-cddbdf476182_items\u0026athieid=v0\u0026athstid=CS020\u0026athguid=RlEjjy3vFDoOKlTIw3pddki_Ijj7yfueE6BV\u0026athancid=null\u0026athena=true"},{"canAddToCart":true,"showOptions":false,"badge":null,"badgeGroups":[],"badges":{"flags":null,"labels":[],"tags":[{"key":"PICKUP","text":"Pickup","id":"L1001","rank":null},{"key":"DELIVERY","text":"Delivery","id":"L1002","rank":null}],"groups":[]},"earlyAccessEvent":false,"eventAttributes":{"specialBuy":false,"priceFlip":false},"flag":"","classType":"REGULAR","fulfillmentBadges":["Pickup","Delivery"],"fulfillmentSpeed":null,"fulfillmentType":"STORE","id":"113202282","image":"https://i5.walmartimages.com/asr/7f1ec033-5af3-46e0-a84c-e0486a3a4641.1b68ecb1cf57154072fd888a44ecb276.jpeg","isEarlyAccessItem":false,"isOutOfStock":false,"maxVisibleSwatchCount":4,"name":"Marketside Bacon Ranch Crunch Chopped Fresh Salad Kit, 9.76 oz Bag, Fresh","groupMetaData":null,"itemType":null,"pac":null,"offerId":"98D57FFD782144D7AA190A40886AA751","sellerId":"F55CDC31AB754BB68FE0B39041159D63","showSubscribe":false,"sellerName":null,"salesUnitType":"EACH","weightIncrement":1,"hasSellerBadge":null,"preOrder":{"streetDate":null,"streetDateDisplayable":null,"streetDateType":null,"isPreOrder":false,"preOrderMessage":null,"preOrderStreetDateMessage":null},"price":3.98,"priceInfo":{"linePrice":"$3.98","priceDisplayCondition":null,"unitPrice":"40.6 ¢/oz","priceRangeString":"","subscriptionString":"","linePriceDisplay":"$3.98","eaPricingPreText":""},"usItemId":"113202282","variantList":[],"isVariantTypeSwatch":false,"type":"REGULAR","rating":{"averageRating":0,"numberOfReviews":0},"sponsoredProduct":null,"isSponsoredFlag":false,"brand":"Marketside","canonicalUrl":"/ip/Marketside-Bacon-Ranch-Crunch-Chopped-Fresh-Salad-Kit-9-76-oz-Bag-Fresh/113202282?athcpid=113202282\u0026athpgid=AthenaContentPage_5306523\u0026athcgid=null\u0026athznid=ItemCarousel_ea60556d-5028-414b-a292-cddbdf476182_items\u0026athieid=v0\u0026athstid=CS020\u0026athguid=RlEjjy3vFDoOKlTIw3pddki_Ijj7yfueE6BV\u0026athancid=null\u0026athena=true"},{"canAddToCart":true,"showOptions":false,"badge":null,"badgeGroups":[],"badges":{"flags":null,"labels":[],"tags":[{"key":"PICKUP","text":"Pickup","id":"L1001","rank":null},{"key":"DELIVERY","text":"Delivery","id":"L1002","rank":null}],"groups":[]},"earlyAccessEvent":false,"eventAttributes":{"specialBuy":false,"priceFlip":false},"flag":"","classType":"REGULAR","fulfillmentBadges":["Pickup","Delivery"],"fulfillmentSpeed":null,"fulfillmentType":"STORE","id":"343402197","image":"https://i5.walmartimages.com/asr/fec1a28f-2346-4ae4-afd8-8a28dfc50ecd_1.2c05b2203a76237827fe07e9c06cb0ca.jpeg","isEarlyAccessItem":false,"isOutOfStock":false,"maxVisibleSwatchCount":4,"name":"Marketside Southwest Chopped Salad Kit, 10.3 oz Bag, Fresh","groupMetaData":null,"itemType":null,"pac":null,"offerId":"BE38D749FFC54109AA1C0B463CF34424","sellerId":"F55CDC31AB754BB68FE0B39041159D63","showSubscribe":false,"sellerName":null,"salesUnitType":"EACH","weightIncrement":1,"hasSellerBadge":null,"preOrder":{"streetDate":null,"streetDateDisplayable":null,"streetDateType":null,"isPreOrder":false,"preOrderMessage":null,"preOrderStreetDateMessage":null},"price":3.98,"priceInfo":{"linePrice":"$3.98","priceDisplayCondition":null,"unitPrice":"38.6 ¢/oz","priceRangeString":"","subscriptionString":"","linePriceDisplay":"$3.98","eaPricingPreText":""},"usItemId":"343402197","variantList":[],"isVariantTypeSwatch":false,"type":"REGULAR","rating":{"averageRating":0,"numberOfReviews":0},"sponsoredProduct":null,"isSponsoredFlag":false,"brand":"Marketside","canonicalUrl":"/ip/Marketside-Southwest-Chopped-Salad-Kit-10-3-oz-Bag-Fresh/343402197?athcpid=343402197\u0026athpgid=AthenaContentPage_5306523\u0026athcgid=null\u0026athznid=ItemCarousel_ea60556d-5028-414b-a292-cddbdf476182_items\u0026athieid=v0\u0026athstid=CS020\u0026athguid=RlEjjy3vFDoOKlTIw3pddki_Ijj7yfueE6BV\u0026athancid=null\u0026athena=true"},{"canAddToCart":true,"showOptions":false,"badge":null,"badgeGroups":[],"badges":{"flags":null,"labels":[],"tags":[{"key":"PICKUP","text":"Pickup","id":"L1001","rank":null},{"key":"DELIVERY","text":"Delivery","id":"L1002","rank":null}],"groups":[]},"earlyAccessEvent":false,"eventAttributes":{"specialBuy":false,"priceFlip":false},"flag":"","classType":"REGULAR","fulfillmentBadges":["Pickup","Delivery"],"fulfillmentSpeed":null,"fulfillmentType":"STORE","id":"564429459","image":"https://i5.walmartimages.com/asr/df21a8ff-0a40-47fa-8650-a6006d2264bb.d0f7f2f720032b6eb4ba6511846933af.jpeg","isEarlyAccessItem":false,"isOutOfStock":false,"maxVisibleSwatchCount":4,"name":"Taylor Farms Family Size Sweet Kale Chopped Salad Kit, 22 oz Bag, Fresh","groupMetaData":null,"itemType":null,"pac":null,"offerId":"6321A410932D4C368FF6577085DC5304","sellerId":"F55CDC31AB754BB68FE0B39041159D63","showSubscribe":false,"sellerName":null,"salesUnitType":"EACH","weightIncrement":1,"hasSellerBadge":null,"preOrder":{"streetDate":null,"streetDateDisplayable":null,"streetDateType":null,"isPreOrder":false,"preOrderMessage":null,"preOrderStreetDateMessage":null},"price":4.98,"priceInfo":{"linePrice":"$4.98","priceDisplayCondition":null,"unitPrice":"22.3 ¢/oz","priceRangeString":"","subscriptionString":"","linePriceDisplay":"$4.98","eaPricingPreText":""},"usItemId":"564429459","variantList":[],"isVariantTypeSwatch":false,"type":"REGULAR","rating":{"averageRating":0,"numberOfReviews":0},"sponsoredProduct":null,"isSponsoredFlag":false,"brand":"Taylor Farms","canonicalUrl":"/ip/Taylor-Farms-Family-Size-Sweet-Kale-Chopped-Salad-Kit-22-oz-Bag-Fresh/564429459?athcpid=564429459\u0026athpgid=AthenaContentPage_5306523\u0026athcgid=null\u0026athznid=ItemCarousel_ea60556d-5028-414b-a292-cddbdf476182_items\u0026athieid=v0\u0026athstid=CS020\u0026athguid=RlEjjy3vFDoOKlTIw3pddki_Ijj7yfueE6BV\u0026athancid=null\u0026athena=true"},{"canAddToCart":true,"showOptions":false,"badge":null,"badgeGroups":[],"badges":{"flags":null,"labels":[],"tags":[{"key":"PICKUP","text":"Pickup","id":"L1001","rank":null},{"key":"DELIVERY","text":"Delivery","id":"L1002","rank":null}],"groups":[]},"earlyAccessEvent":false,"eventAttributes":{"specialBuy":false,"priceFlip":false},"flag":"","classType":"REGULAR","fulfillmentBadges":["Pickup","Delivery"],"fulfillmentSpeed":null,"fulfillmentType":"STORE","id":"300881040","image":"https://i5.walmartimages.com/asr/86f83d4c-19a4-4e7b-bfea-634d7d50ed42_2.658796f45a8dd0f67fac1f916b50a23b.jpeg","isEarlyAccessItem":false,"isOutOfStock":false,"maxVisibleSwatchCount":4,"name":"Marketside Kale Pecan Cranberry Chopped Salad Kit, 7 oz Bag, Fresh","groupMetaData":null,"itemType":null,"pac":null,"offerId":"58C336F22F7941DBAFDFCCC0666B5405","sellerId":"F55CDC31AB754BB68FE0B39041159D63","showSubscribe":false,"sellerName":null,"salesUnitType":"EACH","weightIncrement":1,"hasSellerBadge":null,"preOrder":{"streetDate":null,"streetDateDisplayable":null,"streetDateType":null,"isPreOrder":false,"preOrderMessage":null,"preOrderStreetDateMessage":null},"price":3.98,"priceInfo":{"linePrice":"$3.98","priceDisplayCondition":null,"unitPrice":"56.9 ¢/oz","priceRangeString":"","subscriptionString":"","linePriceDisplay":"$3.98","eaPricingPreText":""},"usItemId":"300881040","variantList":[],"isVariantTypeSwatch":false,"type":"REGULAR","rating":{"averageRating":0,"numberOfReviews":0},"sponsoredProduct":null,"isSponsoredFlag":false,"brand":"Marketside","canonicalUrl":"/ip/Marketside-Kale-Pecan-Cranberry-Chopped-Salad-Kit-7-oz-Bag-Fresh/300881040?athcpid=300881040\u0026athpgid=AthenaContentPage_5306523\u0026athcgid=null\u0026athznid=ItemCarousel_ea60556d-5028-414b-a292-cddbdf476182_items\u0026athieid=v0\u0026athstid=CS020\u0026athguid=RlEjjy3vFDoOKlTIw3pddki_Ijj7yfueE6BV\u0026athancid=null\u0026athena=true"},{"canAddToCart":true,"showOptions":false,"badge":null,"badgeGroups":[],"badges":{"flags":null,"labels":[],"tags":[{"key":"PICKUP","text":"Pickup","id":"L1001","rank":null},{"key":"DELIVERY","text":"Delivery","id":"L1002","rank":null}],"groups":[]},"earlyAccessEvent":false,"eventAttributes":{"specialBuy":false,"priceFlip":false},"flag":"","classType":"REGULAR","fulfillmentBadges":["Pickup","Delivery"],"fulfillmentSpeed":null,"fulfillmentType":"STORE","id":"385515493","image":"https://i5.walmartimages.com/asr/cc8dbdb6-df35-46d5-85c2-c7e5b638b2c3.4927006393f0c6d76bd910ba4ee1b3b0.jpeg","isEarlyAccessItem":false,"isOutOfStock":false,"maxVisibleSwatchCount":4,"name":"Marketside Sunflower Bacon Crunch Chopped Salad Kit Family Size, 15.8 oz Bag, Fresh","groupMetaData":null,"itemType":null,"pac":null,"offerId":"0385CED11F274A6CAAA213314050FEB3","sellerId":"F55CDC31AB754BB68FE0B39041159D63","showSubscribe":false,"sellerName":null,"salesUnitType":"EACH","weightIncrement":1,"hasSellerBadge":null,"preOrder":{"streetDate":null,"streetDateDisplayable":null,"streetDateType":null,"isPreOrder":false,"preOrderMessage":null,"preOrderStreetDateMessage":null},"price":4.98,"priceInfo":{"linePrice":"$4.98","priceDisplayCondition":null,"unitPrice":"31.5 ¢/oz","priceRangeString":"","subscriptionString":"","linePriceDisplay":"$4.98","eaPricingPreText":""},"usItemId":"385515493","variantList":[],"isVariantTypeSwatch":false,"type":"REGULAR","rating":{"averageRating":0,"numberOfReviews":0},"sponsoredProduct":null,"isSponsoredFlag":false,"brand":"Marketside","canonicalUrl":"/ip/Marketside-Sunflower-Bacon-Crunch-Chopped-Salad-Kit-Family-Size-15-8-oz-Bag-Fresh/385515493?athcpid=385515493\u0026athpgid=AthenaContentPage_5306523\u0026athcgid=null\u0026athznid=ItemCarousel_ea60556d-5028-414b-a292-cddbdf476182_items\u0026athieid=v0\u0026athstid=CS020\u0026athguid=RlEjjy3vFDoOKlTIw3pddki_Ijj7yfueE6BV\u0026athancid=null\u0026athena=true"},{"canAddToCart":true,"showOptions":false,"badge":null,"badgeGroups":[],"badges":{"flags":null,"labels":[],"tags":[{"key":"PICKUP","text":"Pickup","id":"L1001","rank":null},{"key":"DELIVERY","text":"Delivery","id":"L1002","rank":null}],"groups":[]},"earlyAccessEvent":false,"eventAttributes":{"specialBuy":false,"priceFlip":false},"flag":"","classType":"REGULAR","fulfillmentBadges":["Pickup","Delivery"],"fulfillmentSpeed":null,"fulfillmentType":"STORE","id":"409668151","image":"https://i5.walmartimages.com/asr/1d0389d8-03d5-49d3-80f1-54ba21b5240a_1.3d81cd585e53773de35dfde904f53c02.jpeg","isEarlyAccessItem":false,"isOutOfStock":false,"maxVisibleSwatchCount":4,"name":"Marketside Asian Chopped Salad Kit, 10.6 oz Bag, Fresh","groupMetaData":null,"itemType":null,"pac":null,"offerId":"DB528CFAAFC441E3ACF0845DB4AD77AC","sellerId":"F55CDC31AB754BB68FE0B39041159D63","showSubscribe":false,"sellerName":null,"salesUnitType":"EACH","weightIncrement":1,"hasSellerBadge":null,"preOrder":{"streetDate":null,"streetDateDisplayable":null,"streetDateType":null,"isPreOrder":false,"preOrderMessage":null,"preOrderStreetDateMessage":null},"price":3.74,"priceInfo":{"linePrice":"$3.74","priceDisplayCondition":null,"unitPrice":"35.3 ¢/oz","priceRangeString":"","subscriptionString":"","linePriceDisplay":"$3.74","eaPricingPreText":""},"usItemId":"409668151","variantList":[],"isVariantTypeSwatch":false,"type":"REGULAR","rating":{"averageRating":0,"numberOfReviews":0},"sponsoredProduct":null,"isSponsoredFlag":false,"brand":"Marketside","canonicalUrl":"/ip/Marketside-Asian-Chopped-Salad-Kit-10-6-oz-Bag-Fresh/409668151?athcpid=409668151\u0026athpgid=AthenaContentPage_5306523\u0026athcgid=null\u0026athznid=ItemCarousel_ea60556d-5028-414b-a292-cddbdf476182_items\u0026athieid=v0\u0026athstid=CS020\u0026athguid=RlEjjy3vFDoOKlTIw3pddki_Ijj7yfueE6BV\u0026athancid=null\u0026athena=true"},{"canAddToCart":true,"showOptions":false,"badge":{"id":"L1600","text":"Best seller","key":"BESTSELLER","type":"LABEL","rank":1,"styleId":null},"badgeGroups":[],"badges":{"flags":[{"key":"BESTSELLER","text":"Best seller","type":"LABEL","id":"L1600","rank":1,"styleId":null}],"labels":[],"tags":[{"key":"PICKUP","text":"Pickup","id":"L1001","rank":null},{"key":"DELIVERY","text":"Delivery","id":"L1002","rank":null}],"groups":[]},"earlyAccessEvent":false,"eventAttributes":{"specialBuy":false,"priceFlip":false},"flag":"Best seller","classType":"REGULAR","fulfillmentBadges":["Pickup","Delivery"],"fulfillmentSpeed":null,"fulfillmentType":"STORE","id":"442959681","image":"https://i5.walmartimages.com/asr/934e3ca5-9cb4-4d5e-a07c-3b58d7950e21.53d9abf20ccaf61f36e32217e4f9496a.jpeg","isEarlyAccessItem":false,"isOutOfStock":false,"maxVisibleSwatchCount":4,"name":"Marketside Caesar Chopped Salad Kit, 8.8 oz Bag, Fresh","groupMetaData":null,"itemType":null,"pac":null,"offerId":"5CCA84162375470585E715CB61B26C88","sellerId":"F55CDC31AB754BB68FE0B39041159D63","showSubscribe":false,"sellerName":null,"salesUnitType":"EACH","weightIncrement":1,"hasSellerBadge":null,"preOrder":{"streetDate":null,"streetDateDisplayable":null,"streetDateType":null,"isPreOrder":false,"preOrderMessage":null,"preOrderStreetDateMessage":null},"price":3.98,"priceInfo":{"linePrice":"$3.98","priceDisplayCondition":null,"unitPrice":"45.2 ¢/oz","priceRangeString":"","subscriptionString":"","linePriceDisplay":"$3.98","eaPricingPreText":""},"usItemId":"442959681","variantList":[],"isVariantTypeSwatch":false,"type":"REGULAR","rating":{"averageRating":0,"numberOfReviews":0},"sponsoredProduct":null,"isSponsoredFlag":false,"brand":"Marketside","canonicalUrl":"/ip/Marketside-Caesar-Chopped-Salad-Kit-8-8-oz-Bag-Fresh/442959681?athcpid=442959681\u0026athpgid=AthenaContentPage_5306523\u0026athcgid=null\u0026athznid=ItemCarousel_ea60556d-5028-414b-a292-cddbdf476182_items\u0026athieid=v0\u0026athstid=CS020\u0026athguid=RlEjjy3vFDoOKlTIw3pddki_Ijj7yfueE6BV\u0026athancid=null\u0026athena=true\u0026athbdg=L1600"},{"canAddToCart":true,"showOptions":false,"badge":null,"badgeGroups":[],"badges":{"flags":null,"labels":[],"tags":[{"key":"PICKUP","text":"Pickup","id":"L1001","rank":null},{"key":"DELIVERY","text":"Delivery","id":"L1002","rank":null}],"groups":[]},"earlyAccessEvent":false,"eventAttributes":{"specialBuy":false,"priceFlip":false},"flag":"","classType":"REGULAR","fulfillmentBadges":["Pickup","Delivery"],"fulfillmentSpeed":null,"fulfillmentType":"STORE","id":"746830493","image":"https://i5.walmartimages.com/asr/e1b7c6b0-c1ec-49d5-9fe6-e5dc7887428a.bcf0c98a03c3db182173e0e09c3f3858.jpeg","isEarlyAccessItem":false,"isOutOfStock":false,"maxVisibleSwatchCount":4,"name":"Marketside Cherry Almond Gorgonzola Chopped Salad Kit, 10.7 oz Bag, Fresh","groupMetaData":null,"itemType":null,"pac":null,"offerId":"37188FACDAAA421F87FBCDB611B19B9B","sellerId":"F55CDC31AB754BB68FE0B39041159D63","showSubscribe":false,"sellerName":null,"salesUnitType":"EACH","weightIncrement":1,"hasSellerBadge":null,"preOrder":{"streetDate":null,"streetDateDisplayable":null,"streetDateType":null,"isPreOrder":false,"preOrderMessage":null,"preOrderStreetDateMessage":null},"price":3.98,"priceInfo":{"linePrice":"$3.98","priceDisplayCondition":null,"unitPrice":"37.2 ¢/oz","priceRangeString":"","subscriptionString":"","linePriceDisplay":"$3.98","eaPricingPreText":""},"usItemId":"746830493","variantList":[],"isVariantTypeSwatch":false,"type":"REGULAR","rating":{"averageRating":0,"numberOfReviews":0},"sponsoredProduct":null,"isSponsoredFlag":false,"brand":"Marketside","canonicalUrl":"/ip/Marketside-Cherry-Almond-Gorgonzola-Chopped-Salad-Kit-10-7-oz-Bag-Fresh/746830493?athcpid=746830493\u0026athpgid=AthenaContentPage_5306523\u0026athcgid=null\u0026athznid=ItemCarousel_ea60556d-5028-414b-a292-cddbdf476182_items\u0026athieid=v0\u0026athstid=CS020\u0026athguid=RlEjjy3vFDoOKlTIw3pddki_Ijj7yfueE6BV\u0026athancid=null\u0026athena=true"},{"canAddToCart":true,"showOptions":false,"badge":null,"badgeGroups":[],"badges":{"flags":null,"labels":[],"tags":[{"key":"PICKUP","text":"Pickup","id":"L1001","rank":null},{"key":"DELIVERY","text":"Delivery","id":"L1002","rank":null}],"groups":[]},"earlyAccessEvent":false,"eventAttributes":{"specialBuy":false,"priceFlip":false},"flag":"","classType":"REGULAR","fulfillmentBadges":["Pickup","Delivery"],"fulfillmentSpeed":null,"fulfillmentType":"STORE","id":"194638312","image":"https://i5.walmartimages.com/asr/644a54b7-263a-465a-8b36-3ed44a164b7f.eb2fdb7b2515b3bff650eeefbb3cb64c.jpeg","isEarlyAccessItem":false,"isOutOfStock":false,"maxVisibleSwatchCount":4,"name":"Taylor Farms Sweet Kale Chopped Salad Kit, 12 oz Bag, Fresh","groupMetaData":null,"itemType":null,"pac":null,"offerId":"22B0A131BB28405BAED38FC1D75CA96A","sellerId":"F55CDC31AB754BB68FE0B39041159D63","showSubscribe":false,"sellerName":null,"salesUnitType":"EACH","weightIncrement":1,"hasSellerBadge":null,"preOrder":{"streetDate":null,"streetDateDisplayable":null,"streetDateType":null,"isPreOrder":false,"preOrderMessage":null,"preOrderStreetDateMessage":null},"price":3.98,"priceInfo":{"linePrice":"$3.98","priceDisplayCondition":null,"unitPrice":"33.2 ¢/oz","priceRangeString":"","subscriptionString":"","linePriceDisplay":"$3.98","eaPricingPreText":""},"usItemId":"194638312","variantList":[],"isVariantTypeSwatch":false,"type":"REGULAR","rating":{"averageRating":0,"numberOfReviews":0},"sponsoredProduct":null,"isSponsoredFlag":false,"brand":"Taylor Farms","canonicalUrl":"/ip/Taylor-Farms-Sweet-Kale-Chopped-Salad-Kit-12-oz-Bag-Fresh/194638312?athcpid=194638312\u0026athpgid=AthenaContentPage_5306523\u0026athcgid=null\u0026athznid=ItemCarousel_ea60556d-5028-414b-a292-cddbdf476182_items\u0026athieid=v0\u0026athstid=CS020\u0026athguid=RlEjjy3vFDoOKlTIw3pddki_Ijj7yfueE6BV\u0026athancid=null\u0026athena=true"},{"canAddToCart":true,"showOptions":false,"badge":null,"badgeGroups":[],"badges":{"flags":null,"labels":[],"tags":[{"key":"PICKUP","text":"Pickup","id":"L1001","rank":null},{"key":"DELIVERY","text":"Delivery","id":"L1002","rank":null}],"groups":[]},"earlyAccessEvent":false,"eventAttributes":{"specialBuy":false,"priceFlip":false},"flag":"","classType":"REGULAR","fulfillmentBadges":["Pickup","Delivery"],"fulfillmentSpeed":null,"fulfillmentType":"STORE","id":"26543474","image":"https://i5.walmartimages.com/asr/46b8a15d-faa9-41a5-8994-f11d46e1e6ab_2.3ca2e1d924700aa55210285535250c77.jpeg","isEarlyAccessItem":false,"isOutOfStock":false,"maxVisibleSwatchCount":4,"name":"Marketside Bacon Caesar Salad Kit, 11.6 oz Bag, Fresh","groupMetaData":null,"itemType":null,"pac":null,"offerId":"971FDFC83F184DA2A7A7EB44E81CDB82","sellerId":"F55CDC31AB754BB68FE0B39041159D63","showSubscribe":false,"sellerName":null,"salesUnitType":"EACH","weightIncrement":1,"hasSellerBadge":null,"preOrder":{"streetDate":null,"streetDateDisplayable":null,"streetDateType":null,"isPreOrder":false,"preOrderMessage":null,"preOrderStreetDateMessage":null},"price":3.98,"priceInfo":{"linePrice":"$3.98","priceDisplayCondition":null,"unitPrice":"34.3 ¢/oz","priceRangeString":"","subscriptionString":"","linePriceDisplay":"$3.98","eaPricingPreText":""},"usItemId":"26543474","variantList":[],"isVariantTypeSwatch":false,"type":"REGULAR","rating":{"averageRating":0,"numberOfReviews":0},"sponsoredProduct":null,"isSponsoredFlag":false,"brand":"Marketside","canonicalUrl":"/ip/Marketside-Bacon-Caesar-Salad-Kit-11-6-oz-Bag-Fresh/26543474?athcpid=26543474\u0026athpgid=AthenaContentPage_5306523\u0026athcgid=null\u0026athznid=ItemCarousel_ea60556d-5028-414b-a292-cddbdf476182_items\u0026athieid=v0\u0026athstid=CS020\u0026athguid=RlEjjy3vFDoOKlTIw3pddki_Ijj7yfueE6BV\u0026athancid=null\u0026athena=true"},{"canAddToCart":true,"showOptions":false,"badge":null,"badgeGroups":[],"badges":{"flags":null,"labels":[],"tags":[{"key":"PICKUP","text":"Pickup","id":"L1001","rank":null},{"key":"DELIVERY","text":"Delivery","id":"L1002","rank":null}],"groups":[]},"earlyAccessEvent":false,"eventAttributes":{"specialBuy":false,"priceFlip":false},"flag":"","classType":"REGULAR","fulfillmentBadges":["Pickup","Delivery"],"fulfillmentSpeed":null,"fulfillmentType":"STORE","id":"145883120","image":"https://i5.walmartimages.com/asr/9649a8a9-4a0f-4ef9-a399-5521dcf3855a.cb7a5c5c2e20db385c78b66b78053b74.jpeg","isEarlyAccessItem":false,"isOutOfStock":false,"maxVisibleSwatchCount":4,"name":"Taylor Farms Maple Bourbon Bacon Chopped Salad Kit, 12.8 oz Bag, Fresh","groupMetaData":null,"itemType":null,"pac":null,"offerId":"D0C2875D17B74282A2F1AB830B3A45E6","sellerId":"F55CDC31AB754BB68FE0B39041159D63","showSubscribe":false,"sellerName":null,"salesUnitType":"EACH","weightIncrement":1,"hasSellerBadge":null,"preOrder":{"streetDate":null,"streetDateDisplayable":null,"streetDateType":null,"isPreOrder":false,"preOrderMessage":null,"preOrderStreetDateMessage":null},"price":3.98,"priceInfo":{"linePrice":"$3.98","priceDisplayCondition":null,"unitPrice":"31.1 ¢/oz","priceRangeString":"","subscriptionString":"","linePriceDisplay":"$3.98","eaPricingPreText":""},"usItemId":"145883120","variantList":[],"isVariantTypeSwatch":false,"type":"REGULAR","rating":{"averageRating":0,"numberOfReviews":0},"sponsoredProduct":null,"isSponsoredFlag":false,"brand":"Taylor Farms","canonicalUrl":"/ip/Taylor-Farms-Maple-Bourbon-Bacon-Chopped-Salad-Kit-12-8-oz-Bag-Fresh/145883120?athcpid=145883120\u0026athpgid=AthenaContentPage_5306523\u0026athcgid=null\u0026athznid=ItemCarousel_ea60556d-5028-414b-a292-cddbdf476182_items\u0026athieid=v0\u0026athstid=CS020\u0026athguid=RlEjjy3vFDoOKlTIw3pddki_Ijj7yfueE6BV\u0026athancid=null\u0026athena=true"},{"canAddToCart":true,"showOptions":false,"badge":{"id":"L1600","text":"Best seller","key":"BESTSELLER","type":"LABEL","rank":1,"styleId":null},"badgeGroups":[],"badges":{"flags":[{"key":"BESTSELLER","text":"Best seller","type":"LABEL","id":"L1600","rank":1,"styleId":null}],"labels":[],"tags":[{"key":"PICKUP","text":"Pickup","id":"L1001","rank":null},{"key":"DELIVERY","text":"Delivery","id":"L1002","rank":null}],"groups":[]},"earlyAccessEvent":false,"eventAttributes":{"specialBuy":false,"priceFlip":false},"flag":"Best seller","classType":"REGULAR","fulfillmentBadges":["Pickup","Delivery"],"fulfillmentSpeed":null,"fulfillmentType":"STORE","id":"16935784","image":"https://i5.walmartimages.com/asr/10ecf783-58d3-41bc-ac1f-8793e6a8187f.e82af4d3e5686bacba5cbae52b10ffe2.jpeg","isEarlyAccessItem":false,"isOutOfStock":false,"maxVisibleSwatchCount":4,"name":"Marketside Caesar Salad Kit, 11.55 oz Bag, Fresh","groupMetaData":null,"itemType":null,"pac":null,"offerId":"C5C4CA8D5D2D42FDA694B5296924736A","sellerId":"F55CDC31AB754BB68FE0B39041159D63","showSubscribe":false,"sellerName":null,"salesUnitType":"EACH","weightIncrement":1,"hasSellerBadge":null,"preOrder":{"streetDate":null,"streetDateDisplayable":null,"streetDateType":null,"isPreOrder":false,"preOrderMessage":null,"preOrderStreetDateMessage":null},"price":3.98,"priceInfo":{"linePrice":"$3.98","priceDisplayCondition":null,"unitPrice":"34.6 ¢/oz","priceRangeString":"","subscriptionString":"","linePriceDisplay":"$3.98","eaPricingPreText":""},"usItemId":"16935784","variantList":[],"isVariantTypeSwatch":false,"type":"REGULAR","rating":{"averageRating":0,"numberOfReviews":0},"sponsoredProduct":null,"isSponsoredFlag":false,"brand":"Marketside","canonicalUrl":"/ip/Marketside-Caesar-Salad-Kit-11-55-oz-Bag-Fresh/16935784?athcpid=16935784\u0026athpgid=AthenaContentPage_5306523\u0026athcgid=null\u0026athznid=ItemCarousel_ea60556d-5028-414b-a292-cddbdf476182_items\u0026athieid=v0\u0026athstid=CS020\u0026athguid=RlEjjy3vFDoOKlTIw3pddki_Ijj7yfueE6BV\u0026athancid=null\u0026athena=true\u0026athbdg=L1600"}]}},"publishedDate":1691388800262,"moduleId":"ea60556d-5028-414b-a292-cddbdf476182","module_id":"ea60556d-5028-414b-a292-cddbdf476182","matchedTrigger":{"pageType":"ContentPage","pageId":"5306523","zone":"contentZone7","inheritable":false}},{"name":"Item Carousel FY23 January Make it plant-based","type":"ItemCarousel","version":2,"status":"published","schedule":{"start":null,"end":null,"priority":1,"expEnabled":false},"triggers":[{"pageType":"ContentPage","pageId":"5306523","zone":"contentZone11","inheritable":false}],"configs":{"__typename":"TempoWM_GLASSWWWItemCarouselConfigsV1","type":null,"title":"Make it plant-based","subTitle":null,"viewAllLink":null,"spBeaconInfo":null,"tileOptions":null,"productsConfig":{"products":[{"canAddToCart":true,"showOptions":false,"badge":{"id":"L1600","text":"Best seller","key":"BESTSELLER","type":"LABEL","rank":1,"styleId":null},"badgeGroups":[],"badges":{"flags":[{"key":"BESTSELLER","text":"Best seller","type":"LABEL","id":"L1600","rank":1,"styleId":null}],"labels":[],"tags":[{"key":"PICKUP","text":"Pickup","id":"L1001","rank":null},{"key":"DELIVERY","text":"Delivery","id":"L1002","rank":null}],"groups":[]},"earlyAccessEvent":false,"eventAttributes":{"specialBuy":false,"priceFlip":false},"flag":"Best seller","classType":"REGULAR","fulfillmentBadges":["Pickup","Delivery"],"fulfillmentSpeed":null,"fulfillmentType":"STORE","id":"134768563","image":"https://i5.walmartimages.com/asr/63c7d060-1865-463d-b347-0fe8b97628b8.151bf53203fd87bd4a863d8d67fe5144.png","isEarlyAccessItem":false,"isOutOfStock":false,"maxVisibleSwatchCount":4,"name":"Nasoya Refrigerated Organic Super Firm Tofu, 16 oz","groupMetaData":null,"itemType":null,"pac":null,"offerId":"5112AB49401A44AB847D27795C821E99","sellerId":"F55CDC31AB754BB68FE0B39041159D63","showSubscribe":false,"sellerName":null,"salesUnitType":"EACH","weightIncrement":1,"hasSellerBadge":null,"preOrder":{"streetDate":null,"streetDateDisplayable":null,"streetDateType":null,"isPreOrder":false,"preOrderMessage":null,"preOrderStreetDateMessage":null},"price":3.36,"priceInfo":{"linePrice":"$3.36","priceDisplayCondition":null,"unitPrice":"$3.36/lb","priceRangeString":"","subscriptionString":"","linePriceDisplay":"$3.36","eaPricingPreText":""},"usItemId":"134768563","variantList":[],"isVariantTypeSwatch":false,"type":"REGULAR","rating":{"averageRating":3.8,"numberOfReviews":87},"sponsoredProduct":null,"isSponsoredFlag":false,"brand":"Nasoya","canonicalUrl":"/ip/Nasoya-Refrigerated-Organic-Super-Firm-Tofu-16-oz/134768563?athcpid=134768563\u0026athpgid=AthenaContentPage_5306523\u0026athcgid=null\u0026athznid=ItemCarousel_d841e431-f9c7-4fdf-8e33-9f7a50b83e5a_items\u0026athieid=v0\u0026athstid=CS020\u0026athguid=RlEjjy3vFDoOKlTIw3pddki_Ijj7yfueE6BV\u0026athancid=null\u0026athena=true\u0026athbdg=L1600"},{"canAddToCart":true,"showOptions":false,"badge":{"id":"L1600","text":"Best seller","key":"BESTSELLER","type":"LABEL","rank":1,"styleId":null},"badgeGroups":[],"badges":{"flags":[{"key":"BESTSELLER","text":"Best seller","type":"LABEL","id":"L1600","rank":1,"styleId":null}],"labels":[],"tags":[{"key":"PICKUP","text":"Pickup","id":"L1001","rank":null},{"key":"DELIVERY","text":"Delivery","id":"L1002","rank":null}],"groups":[]},"earlyAccessEvent":false,"eventAttributes":{"specialBuy":false,"priceFlip":false},"flag":"Best seller","classType":"REGULAR","fulfillmentBadges":["Pickup","Delivery"],"fulfillmentSpeed":null,"fulfillmentType":"STORE","id":"10898817","image":"https://i5.walmartimages.com/asr/e6fa1b14-df12-473c-9d32-86fd487fd87e.868c58b923b725e94d4965c3bd4e1bfe.jpeg","isEarlyAccessItem":false,"isOutOfStock":false,"maxVisibleSwatchCount":4,"name":"Nasoya Refrigerated Soy Extra Firm Organic Tofu, 14 oz","groupMetaData":null,"itemType":null,"pac":null,"offerId":"798B7172808943A9BE79D3F73205E4A3","sellerId":"F55CDC31AB754BB68FE0B39041159D63","showSubscribe":false,"sellerName":null,"salesUnitType":"EACH","weightIncrement":1,"hasSellerBadge":null,"preOrder":{"streetDate":null,"streetDateDisplayable":null,"streetDateType":null,"isPreOrder":false,"preOrderMessage":null,"preOrderStreetDateMessage":null},"price":2.86,"priceInfo":{"linePrice":"$2.86","priceDisplayCondition":null,"unitPrice":"$1.91/lb","priceRangeString":"","subscriptionString":"","linePriceDisplay":"$2.86","eaPricingPreText":""},"usItemId":"10898817","variantList":[],"isVariantTypeSwatch":false,"type":"REGULAR","rating":{"averageRating":3.1,"numberOfReviews":48},"sponsoredProduct":null,"isSponsoredFlag":false,"brand":"Nasoya","canonicalUrl":"/ip/Nasoya-Refrigerated-Soy-Extra-Firm-Organic-Tofu-14-oz/10898817?athcpid=10898817\u0026athpgid=AthenaContentPage_5306523\u0026athcgid=null\u0026athznid=ItemCarousel_d841e431-f9c7-4fdf-8e33-9f7a50b83e5a_items\u0026athieid=v0\u0026athstid=CS020\u0026athguid=RlEjjy3vFDoOKlTIw3pddki_Ijj7yfueE6BV\u0026athancid=null\u0026athena=true\u0026athbdg=L1600"},{"canAddToCart":false,"showOptions":true,"badge":{"id":"L1600","text":"Best seller","key":"BESTSELLER","type":"LABEL","rank":1,"styleId":null},"badgeGroups":[],"badges":{"flags":[{"key":"BESTSELLER","text":"Best seller","type":"LABEL","id":"L1600","rank":1,"styleId":null}],"labels":[],"tags":[{"key":"PICKUP","text":"Pickup","id":"L1001","rank":null},{"key":"DELIVERY","text":"Delivery","id":"L1002","rank":null}],"groups":[]},"earlyAccessEvent":false,"eventAttributes":{"specialBuy":false,"priceFlip":false},"flag":"Best seller","classType":"BVSHELL","fulfillmentBadges":["Pickup","Delivery"],"fulfillmentSpeed":null,"fulfillmentType":"STORE","id":"10898985","image":"https://i5.walmartimages.com/seo/Azumaya-Firm-Natural-Tofu-16-Ounces_e3bcc535-f45d-4a89-abbc-061f4fcd040f.3759fa2b1d965669c24da0082f558a92.jpeg","isEarlyAccessItem":false,"isOutOfStock":false,"maxVisibleSwatchCount":4,"name":"Azumaya Firm Natural Tofu 16 Ounces","groupMetaData":null,"itemType":null,"pac":null,"offerId":"E35F6DE286AB4A9592E93C75EEE1CE28","sellerId":"F55CDC31AB754BB68FE0B39041159D63","showSubscribe":false,"sellerName":null,"salesUnitType":"EACH","weightIncrement":1,"hasSellerBadge":null,"preOrder":{"streetDate":null,"streetDateDisplayable":null,"streetDateType":null,"isPreOrder":false,"preOrderMessage":null,"preOrderStreetDateMessage":null},"price":2.08,"priceInfo":{"linePrice":"$2.08","priceDisplayCondition":null,"minPriceForVariant":null,"priceRangeString":"","subscriptionString":"","linePriceDisplay":"$2.08","eaPricingPreText":""},"usItemId":"10898985","variantList":[],"isVariantTypeSwatch":false,"type":"BVSHELL","rating":{"averageRating":3.7,"numberOfReviews":45},"sponsoredProduct":null,"isSponsoredFlag":false,"brand":"NASOYA FOODS USA LLC","canonicalUrl":"/ip/Azumaya-Firm-Natural-Tofu-16-Ounces/10898985?athcpid=10898985\u0026athpgid=AthenaContentPage_5306523\u0026athcgid=null\u0026athznid=ItemCarousel_d841e431-f9c7-4fdf-8e33-9f7a50b83e5a_items\u0026athieid=v0\u0026athstid=CS020\u0026athguid=RlEjjy3vFDoOKlTIw3pddki_Ijj7yfueE6BV\u0026athancid=null\u0026athena=true\u0026athbdg=L1600"},{"canAddToCart":true,"showOptions":false,"badge":{"id":"L1600","text":"Best seller","key":"BESTSELLER","type":"LABEL","rank":1,"styleId":null},"badgeGroups":[],"badges":{"flags":[{"key":"BESTSELLER","text":"Best seller","type":"LABEL","id":"L1600","rank":1,"styleId":null}],"labels":[],"tags":[{"key":"PICKUP","text":"Pickup","id":"L1001","rank":null},{"key":"DELIVERY","text":"Delivery","id":"L1002","rank":null}],"groups":[]},"earlyAccessEvent":false,"eventAttributes":{"specialBuy":false,"priceFlip":false},"flag":"Best seller","classType":"REGULAR","fulfillmentBadges":["Pickup","Delivery"],"fulfillmentSpeed":null,"fulfillmentType":"STORE","id":"189317357","image":"https://i5.walmartimages.com/asr/7a9d8e69-c3f4-4e69-9dde-165fa35e2a7d.d4c5240559374cdfb34636d310029de1.jpeg","isEarlyAccessItem":false,"isOutOfStock":false,"maxVisibleSwatchCount":4,"name":"Field Roast Refrigerated Smoked Apple \u0026 Sage Plant-Based Sausages, 13 oz","groupMetaData":null,"itemType":null,"pac":null,"offerId":"E40441F31F7D4B08879F5A28F08A1E18","sellerId":"F55CDC31AB754BB68FE0B39041159D63","showSubscribe":false,"sellerName":null,"salesUnitType":"EACH","weightIncrement":1,"hasSellerBadge":null,"preOrder":{"streetDate":null,"streetDateDisplayable":null,"streetDateType":null,"isPreOrder":false,"preOrderMessage":null,"preOrderStreetDateMessage":null},"price":5.58,"priceInfo":{"linePrice":"$5.58","priceDisplayCondition":null,"unitPrice":"$6.89/lb","priceRangeString":"","subscriptionString":"","linePriceDisplay":"$5.58","eaPricingPreText":""},"usItemId":"189317357","variantList":[],"isVariantTypeSwatch":false,"type":"REGULAR","rating":{"averageRating":4,"numberOfReviews":111},"sponsoredProduct":null,"isSponsoredFlag":false,"brand":"Field Roast","canonicalUrl":"/ip/Field-Roast-Refrigerated-Smoked-Apple-Sage-Plant-Based-Sausages-13-oz/189317357?athcpid=189317357\u0026athpgid=AthenaContentPage_5306523\u0026athcgid=null\u0026athznid=ItemCarousel_d841e431-f9c7-4fdf-8e33-9f7a50b83e5a_items\u0026athieid=v0\u0026athstid=CS020\u0026athguid=RlEjjy3vFDoOKlTIw3pddki_Ijj7yfueE6BV\u0026athancid=null\u0026athena=true\u0026athbdg=L1600"},{"canAddToCart":true,"showOptions":false,"badge":{"id":"L1600","text":"Best seller","key":"BESTSELLER","type":"LABEL","rank":1,"styleId":null},"badgeGroups":[],"badges":{"flags":[{"key":"BESTSELLER","text":"Best seller","type":"LABEL","id":"L1600","rank":1,"styleId":null}],"labels":[],"tags":[{"key":"PICKUP","text":"Pickup","id":"L1001","rank":null},{"key":"DELIVERY","text":"Delivery","id":"L1002","rank":null}],"groups":[]},"earlyAccessEvent":false,"eventAttributes":{"specialBuy":false,"priceFlip":false},"flag":"Best seller","classType":"REGULAR","fulfillmentBadges":["Pickup","Delivery"],"fulfillmentSpeed":null,"fulfillmentType":"STORE","id":"156009403","image":"https://i5.walmartimages.com/asr/6ef6f2bc-15df-442b-8a08-b4ba55d58859.fe50aa8551a1b4b682d524a4a0e2b526.jpeg","isEarlyAccessItem":false,"isOutOfStock":false,"maxVisibleSwatchCount":4,"name":"Tofurky Refrigerated Vegan, Plant-Based Hickory Smoked Deli Slices, 5.5 oz Packet","groupMetaData":null,"itemType":null,"pac":null,"offerId":"B54BA75530494DB89EB27F6A83BB5E85","sellerId":"F55CDC31AB754BB68FE0B39041159D63","showSubscribe":false,"sellerName":null,"salesUnitType":"EACH","weightIncrement":1,"hasSellerBadge":null,"preOrder":{"streetDate":null,"streetDateDisplayable":null,"streetDateType":null,"isPreOrder":false,"preOrderMessage":null,"preOrderStreetDateMessage":null},"price":3.38,"priceInfo":{"linePrice":"$3.38","priceDisplayCondition":null,"unitPrice":"$9.94/lb","priceRangeString":"","subscriptionString":"","linePriceDisplay":"$3.38","eaPricingPreText":""},"usItemId":"156009403","variantList":[],"isVariantTypeSwatch":false,"type":"REGULAR","rating":{"averageRating":3.9,"numberOfReviews":81},"sponsoredProduct":null,"isSponsoredFlag":false,"brand":"Tofurky","canonicalUrl":"/ip/Tofurky-Refrigerated-Vegan-Plant-Based-Hickory-Smoked-Deli-Slices-5-5-oz-Packet/156009403?athcpid=156009403\u0026athpgid=AthenaContentPage_5306523\u0026athcgid=null\u0026athznid=ItemCarousel_d841e431-f9c7-4fdf-8e33-9f7a50b83e5a_items\u0026athieid=v0\u0026athstid=CS020\u0026athguid=RlEjjy3vFDoOKlTIw3pddki_Ijj7yfueE6BV\u0026athancid=null\u0026athena=true\u0026athbdg=L1600"},{"canAddToCart":true,"showOptions":false,"badge":{"id":"L1600","text":"Best seller","key":"BESTSELLER","type":"LABEL","rank":1,"styleId":null},"badgeGroups":[],"badges":{"flags":[{"key":"BESTSELLER","text":"Best seller","type":"LABEL","id":"L1600","rank":1,"styleId":null}],"labels":[],"tags":[{"key":"PICKUP","text":"Pickup","id":"L1001","rank":null},{"key":"DELIVERY","text":"Delivery","id":"L1002","rank":null}],"groups":[]},"earlyAccessEvent":false,"eventAttributes":{"specialBuy":false,"priceFlip":false},"flag":"Best seller","classType":"REGULAR","fulfillmentBadges":["Pickup","Delivery"],"fulfillmentSpeed":null,"fulfillmentType":"STORE","id":"189584443","image":"https://i5.walmartimages.com/asr/564af0d2-86ff-406c-83dd-744c212180da.6692d115c1a8f5547a33ba8a242c69d4.jpeg","isEarlyAccessItem":false,"isOutOfStock":false,"maxVisibleSwatchCount":4,"name":"Field Roast Refrigerated Chao Creamy Dairy Free Original Slices, 7 oz Plastic","groupMetaData":null,"itemType":null,"pac":null,"offerId":"A47352AE952D4743B13629B5676AB3B4","sellerId":"F55CDC31AB754BB68FE0B39041159D63","showSubscribe":false,"sellerName":null,"salesUnitType":"EACH","weightIncrement":1,"hasSellerBadge":null,"preOrder":{"streetDate":null,"streetDateDisplayable":null,"streetDateType":null,"isPreOrder":false,"preOrderMessage":null,"preOrderStreetDateMessage":null},"price":5.53,"priceInfo":{"linePrice":"$5.53","priceDisplayCondition":null,"unitPrice":"79.0 ¢/oz","priceRangeString":"","subscriptionString":"","linePriceDisplay":"$5.53","eaPricingPreText":""},"usItemId":"189584443","variantList":[],"isVariantTypeSwatch":false,"type":"REGULAR","rating":{"averageRating":4.4,"numberOfReviews":86},"sponsoredProduct":null,"isSponsoredFlag":false,"brand":"Field Roast","canonicalUrl":"/ip/Field-Roast-Refrigerated-Chao-Creamy-Dairy-Free-Original-Slices-7-oz-Plastic/189584443?athcpid=189584443\u0026athpgid=AthenaContentPage_5306523\u0026athcgid=null\u0026athznid=ItemCarousel_d841e431-f9c7-4fdf-8e33-9f7a50b83e5a_items\u0026athieid=v0\u0026athstid=CS020\u0026athguid=RlEjjy3vFDoOKlTIw3pddki_Ijj7yfueE6BV\u0026athancid=null\u0026athena=true\u0026athbdg=L1600"}]}},"publishedDate":1691388800539,"moduleId":"d841e431-f9c7-4fdf-8e33-9f7a50b83e5a","module_id":"d841e431-f9c7-4fdf-8e33-9f7a50b83e5a","matchedTrigger":{"pageType":"ContentPage","pageId":"5306523","zone":"contentZone11","inheritable":false}},{"name":"Item Carousel FY23 January Salad on the go","type":"ItemCarousel","version":4,"status":"published","schedule":{"start":null,"end":null,"priority":1,"expEnabled":false},"triggers":[{"pageType":"ContentPage","pageId":"5306523","zone":"contentZone9","inheritable":false}],"configs":{"__typename":"TempoWM_GLASSWWWItemCarouselConfigsV1","type":null,"title":"Salad on the go","subTitle":null,"viewAllLink":null,"spBeaconInfo":null,"tileOptions":null,"productsConfig":{"products":[{"canAddToCart":true,"showOptions":false,"badge":null,"badgeGroups":[],"badges":{"flags":null,"labels":[],"tags":[{"key":"PICKUP","text":"Pickup","id":"L1001","rank":null},{"key":"DELIVERY","text":"Delivery","id":"L1002","rank":null}],"groups":[]},"earlyAccessEvent":false,"eventAttributes":{"specialBuy":false,"priceFlip":false},"flag":"","classType":"REGULAR","fulfillmentBadges":["Pickup","Delivery"],"fulfillmentSpeed":null,"fulfillmentType":"STORE","id":"812498775","image":"https://i5.walmartimages.com/asr/76429826-cf3f-4574-970f-6614f834a9cf.1867b595598ffd3402d92e5a6ce7d61b.jpeg","isEarlyAccessItem":false,"isOutOfStock":false,"maxVisibleSwatchCount":4,"name":"Marketside Southwest Style Salad with Chicken Family Sized, 11.75 oz Bowl, Fresh","groupMetaData":null,"itemType":null,"pac":null,"offerId":"F508E6E2487C4ECAB9CCECCA18C25254","sellerId":"F55CDC31AB754BB68FE0B39041159D63","showSubscribe":false,"sellerName":null,"salesUnitType":"EACH","weightIncrement":1,"hasSellerBadge":null,"preOrder":{"streetDate":null,"streetDateDisplayable":null,"streetDateType":null,"isPreOrder":false,"preOrderMessage":null,"preOrderStreetDateMessage":null},"price":5.34,"priceInfo":{"linePrice":"$5.34","priceDisplayCondition":null,"unitPrice":"45.4 ¢/oz","priceRangeString":"","subscriptionString":"","linePriceDisplay":"$5.34","eaPricingPreText":""},"usItemId":"812498775","variantList":[],"isVariantTypeSwatch":false,"type":"REGULAR","rating":{"averageRating":0,"numberOfReviews":0},"sponsoredProduct":null,"isSponsoredFlag":false,"brand":"Marketside","canonicalUrl":"/ip/Marketside-Southwest-Style-Salad-with-Chicken-Family-Sized-11-75-oz-Bowl-Fresh/812498775?athcpid=812498775\u0026athpgid=AthenaContentPage_5306523\u0026athcgid=null\u0026athznid=ItemCarousel_0505b702-d051-4afb-8497-8a00e2c2c0f1_items\u0026athieid=v0\u0026athstid=CS020\u0026athguid=RlEjjy3vFDoOKlTIw3pddki_Ijj7yfueE6BV\u0026athancid=null\u0026athena=true"},{"canAddToCart":true,"showOptions":false,"badge":null,"badgeGroups":[],"badges":{"flags":null,"labels":[],"tags":[{"key":"PICKUP","text":"Pickup","id":"L1001","rank":null},{"key":"DELIVERY","text":"Delivery","id":"L1002","rank":null}],"groups":[]},"earlyAccessEvent":false,"eventAttributes":{"specialBuy":false,"priceFlip":false},"flag":"","classType":"REGULAR","fulfillmentBadges":["Pickup","Delivery"],"fulfillmentSpeed":null,"fulfillmentType":"STORE","id":"215031623","image":"https://i5.walmartimages.com/asr/7d1b9fbc-068e-43d1-8fec-a3667deb7144.1e675c467ec07d0acffe009be633a2b6.jpeg","isEarlyAccessItem":false,"isOutOfStock":false,"maxVisibleSwatchCount":4,"name":"Marketside Santa Fe Style Salad with Chicken, 6.35 oz Bowl, Fresh","groupMetaData":null,"itemType":null,"pac":null,"offerId":"F1AA8084F9D941649FCC8E8F9688A90A","sellerId":"F55CDC31AB754BB68FE0B39041159D63","showSubscribe":false,"sellerName":null,"salesUnitType":"EACH","weightIncrement":1,"hasSellerBadge":null,"preOrder":{"streetDate":null,"streetDateDisplayable":null,"streetDateType":null,"isPreOrder":false,"preOrderMessage":null,"preOrderStreetDateMessage":null},"price":2.97,"priceInfo":{"linePrice":"$2.97","priceDisplayCondition":null,"unitPrice":"46.8 ¢/oz","priceRangeString":"","subscriptionString":"","linePriceDisplay":"$2.97","eaPricingPreText":""},"usItemId":"215031623","variantList":[],"isVariantTypeSwatch":false,"type":"REGULAR","rating":{"averageRating":0,"numberOfReviews":0},"sponsoredProduct":null,"isSponsoredFlag":false,"brand":"Marketside","canonicalUrl":"/ip/Marketside-Santa-Fe-Style-Salad-with-Chicken-6-35-oz-Bowl-Fresh/215031623?athcpid=215031623\u0026athpgid=AthenaContentPage_5306523\u0026athcgid=null\u0026athznid=ItemCarousel_0505b702-d051-4afb-8497-8a00e2c2c0f1_items\u0026athieid=v0\u0026athstid=CS020\u0026athguid=RlEjjy3vFDoOKlTIw3pddki_Ijj7yfueE6BV\u0026athancid=null\u0026athena=true"},{"canAddToCart":true,"showOptions":false,"badge":null,"badgeGroups":[],"badges":{"flags":null,"labels":[],"tags":[{"key":"PICKUP","text":"Pickup","id":"L1001","rank":null},{"key":"DELIVERY","text":"Delivery","id":"L1002","rank":null}],"groups":[]},"earlyAccessEvent":false,"eventAttributes":{"specialBuy":false,"priceFlip":false},"flag":"","classType":"REGULAR","fulfillmentBadges":["Pickup","Delivery"],"fulfillmentSpeed":null,"fulfillmentType":"STORE","id":"647462356","image":"https://i5.walmartimages.com/asr/b4770707-76ac-48e6-937d-5c25b71c6f36.2d7ab4a4ded2a90fe85c96950eab6b95.jpeg","isEarlyAccessItem":false,"isOutOfStock":false,"maxVisibleSwatchCount":4,"name":"Marketside Cobb Salad with Turkey and Uncured Bacon Salad, 7.25 oz Bowl, Fresh","groupMetaData":null,"itemType":null,"pac":null,"offerId":"2AFFA5E665D34CAAB2DA6AFBC3880EC1","sellerId":"F55CDC31AB754BB68FE0B39041159D63","showSubscribe":false,"sellerName":null,"salesUnitType":"EACH","weightIncrement":1,"hasSellerBadge":null,"preOrder":{"streetDate":null,"streetDateDisplayable":null,"streetDateType":null,"isPreOrder":false,"preOrderMessage":null,"preOrderStreetDateMessage":null},"price":2.97,"priceInfo":{"linePrice":"$2.97","priceDisplayCondition":null,"unitPrice":"41.0 ¢/oz","priceRangeString":"","subscriptionString":"","linePriceDisplay":"$2.97","eaPricingPreText":""},"usItemId":"647462356","variantList":[],"isVariantTypeSwatch":false,"type":"REGULAR","rating":{"averageRating":0,"numberOfReviews":0},"sponsoredProduct":null,"isSponsoredFlag":false,"brand":"Marketside","canonicalUrl":"/ip/Marketside-Cobb-Salad-with-Turkey-and-Uncured-Bacon-Salad-7-25-oz-Bowl-Fresh/647462356?athcpid=647462356\u0026athpgid=AthenaContentPage_5306523\u0026athcgid=null\u0026athznid=ItemCarousel_0505b702-d051-4afb-8497-8a00e2c2c0f1_items\u0026athieid=v0\u0026athstid=CS020\u0026athguid=RlEjjy3vFDoOKlTIw3pddki_Ijj7yfueE6BV\u0026athancid=null\u0026athena=true"},{"canAddToCart":true,"showOptions":false,"badge":null,"badgeGroups":[],"badges":{"flags":null,"labels":[],"tags":[{"key":"PICKUP","text":"Pickup","id":"L1001","rank":null},{"key":"DELIVERY","text":"Delivery","id":"L1002","rank":null}],"groups":[]},"earlyAccessEvent":false,"eventAttributes":{"specialBuy":false,"priceFlip":false},"flag":"","classType":"REGULAR","fulfillmentBadges":["Pickup","Delivery"],"fulfillmentSpeed":null,"fulfillmentType":"STORE","id":"354597545","image":"https://i5.walmartimages.com/asr/5f4879a1-ae8c-4d36-b4d6-a92386cf62eb.1be0c133c27ca6353aa7ce335b0b07fe.jpeg","isEarlyAccessItem":false,"isOutOfStock":false,"maxVisibleSwatchCount":4,"name":"Marketside Caesar Salad with Chicken, 12 oz Bowl, Fresh","groupMetaData":null,"itemType":null,"pac":null,"offerId":"F3F858F9A08846CEA2E2863AC9853C08","sellerId":"F55CDC31AB754BB68FE0B39041159D63","showSubscribe":false,"sellerName":null,"salesUnitType":"EACH","weightIncrement":1,"hasSellerBadge":null,"preOrder":{"streetDate":null,"streetDateDisplayable":null,"streetDateType":null,"isPreOrder":false,"preOrderMessage":null,"preOrderStreetDateMessage":null},"price":5.34,"priceInfo":{"linePrice":"$5.34","priceDisplayCondition":null,"unitPrice":"44.5 ¢/oz","priceRangeString":"","subscriptionString":"","linePriceDisplay":"$5.34","eaPricingPreText":""},"usItemId":"354597545","variantList":[],"isVariantTypeSwatch":false,"type":"REGULAR","rating":{"averageRating":0,"numberOfReviews":0},"sponsoredProduct":null,"isSponsoredFlag":false,"brand":"Marketside","canonicalUrl":"/ip/Marketside-Caesar-Salad-with-Chicken-12-oz-Bowl-Fresh/354597545?athcpid=354597545\u0026athpgid=AthenaContentPage_5306523\u0026athcgid=null\u0026athznid=ItemCarousel_0505b702-d051-4afb-8497-8a00e2c2c0f1_items\u0026athieid=v0\u0026athstid=CS020\u0026athguid=RlEjjy3vFDoOKlTIw3pddki_Ijj7yfueE6BV\u0026athancid=null\u0026athena=true"},{"canAddToCart":true,"showOptions":false,"badge":{"id":"L1600","text":"Best seller","key":"BESTSELLER","type":"LABEL","rank":1,"styleId":null},"badgeGroups":[],"badges":{"flags":[{"key":"BESTSELLER","text":"Best seller","type":"LABEL","id":"L1600","rank":1,"styleId":null}],"labels":[],"tags":[{"key":"PICKUP","text":"Pickup","id":"L1001","rank":null},{"key":"DELIVERY","text":"Delivery","id":"L1002","rank":null}],"groups":[]},"earlyAccessEvent":false,"eventAttributes":{"specialBuy":false,"priceFlip":false},"flag":"Best seller","classType":"REGULAR","fulfillmentBadges":["Pickup","Delivery"],"fulfillmentSpeed":null,"fulfillmentType":"STORE","id":"244663920","image":"https://i5.walmartimages.com/asr/942cf6ad-fd67-466b-b547-00330b74062d.4770ed07e358a52ab50e379abf1bb5ea.jpeg","isEarlyAccessItem":false,"isOutOfStock":false,"maxVisibleSwatchCount":4,"name":"Marketside Caesar Salad with Chicken, 6.25 oz Bowl, Fresh","groupMetaData":null,"itemType":null,"pac":null,"offerId":"C2F3F3D3C236435E8005CEE40ECFBB25","sellerId":"F55CDC31AB754BB68FE0B39041159D63","showSubscribe":false,"sellerName":null,"salesUnitType":"EACH","weightIncrement":1,"hasSellerBadge":null,"preOrder":{"streetDate":null,"streetDateDisplayable":null,"streetDateType":null,"isPreOrder":false,"preOrderMessage":null,"preOrderStreetDateMessage":null},"price":2.97,"priceInfo":{"linePrice":"$2.97","priceDisplayCondition":null,"unitPrice":"47.5 ¢/oz","priceRangeString":"","subscriptionString":"","linePriceDisplay":"$2.97","eaPricingPreText":""},"usItemId":"244663920","variantList":[],"isVariantTypeSwatch":false,"type":"REGULAR","rating":{"averageRating":0,"numberOfReviews":0},"sponsoredProduct":null,"isSponsoredFlag":false,"brand":"Marketside","canonicalUrl":"/ip/Marketside-Caesar-Salad-with-Chicken-6-25-oz-Bowl-Fresh/244663920?athcpid=244663920\u0026athpgid=AthenaContentPage_5306523\u0026athcgid=null\u0026athznid=ItemCarousel_0505b702-d051-4afb-8497-8a00e2c2c0f1_items\u0026athieid=v0\u0026athstid=CS020\u0026athguid=RlEjjy3vFDoOKlTIw3pddki_Ijj7yfueE6BV\u0026athancid=null\u0026athena=true\u0026athbdg=L1600"},{"canAddToCart":true,"showOptions":false,"badge":null,"badgeGroups":[],"badges":{"flags":null,"labels":[],"tags":[{"key":"PICKUP","text":"Pickup","id":"L1001","rank":null},{"key":"DELIVERY","text":"Delivery","id":"L1002","rank":null}],"groups":[]},"earlyAccessEvent":false,"eventAttributes":{"specialBuy":false,"priceFlip":false},"flag":"","classType":"REGULAR","fulfillmentBadges":["Pickup","Delivery"],"fulfillmentSpeed":null,"fulfillmentType":"STORE","id":"825580634","image":"https://i5.walmartimages.com/asr/1e752e62-ffb5-40b7-a6c7-6fbc3200f03b.6a100ee66c9fab4d2859e2cbafd55dbb.jpeg","isEarlyAccessItem":false,"isOutOfStock":false,"maxVisibleSwatchCount":4,"name":"Marketside Cranberry Walnut Salad, 4.5 oz Bowl, Fresh","groupMetaData":null,"itemType":null,"pac":null,"offerId":"D0C534CCDD7543C8B0768F2C495045BE","sellerId":"F55CDC31AB754BB68FE0B39041159D63","showSubscribe":false,"sellerName":null,"salesUnitType":"EACH","weightIncrement":1,"hasSellerBadge":null,"preOrder":{"streetDate":null,"streetDateDisplayable":null,"streetDateType":null,"isPreOrder":false,"preOrderMessage":null,"preOrderStreetDateMessage":null},"price":2.97,"priceInfo":{"linePrice":"$2.97","priceDisplayCondition":null,"unitPrice":"66.0 ¢/oz","priceRangeString":"","subscriptionString":"","linePriceDisplay":"$2.97","eaPricingPreText":""},"usItemId":"825580634","variantList":[],"isVariantTypeSwatch":false,"type":"REGULAR","rating":{"averageRating":0,"numberOfReviews":0},"sponsoredProduct":null,"isSponsoredFlag":false,"brand":"Marketside","canonicalUrl":"/ip/Marketside-Cranberry-Walnut-Salad-4-5-oz-Bowl-Fresh/825580634?athcpid=825580634\u0026athpgid=AthenaContentPage_5306523\u0026athcgid=null\u0026athznid=ItemCarousel_0505b702-d051-4afb-8497-8a00e2c2c0f1_items\u0026athieid=v0\u0026athstid=CS020\u0026athguid=RlEjjy3vFDoOKlTIw3pddki_Ijj7yfueE6BV\u0026athancid=null\u0026athena=true"},{"canAddToCart":true,"showOptions":false,"badge":null,"badgeGroups":[],"badges":{"flags":null,"labels":[],"tags":[{"key":"PICKUP","text":"Pickup","id":"L1001","rank":null},{"key":"DELIVERY","text":"Delivery","id":"L1002","rank":null}],"groups":[]},"earlyAccessEvent":false,"eventAttributes":{"specialBuy":false,"priceFlip":false},"flag":"","classType":"REGULAR","fulfillmentBadges":["Pickup","Delivery"],"fulfillmentSpeed":null,"fulfillmentType":"STORE","id":"128485726","image":"https://i5.walmartimages.com/asr/e2aacb16-64de-40ba-b6f2-4720aaa16700.ba28325f0aa0d6208cd06f4f945bc932.jpeg","isEarlyAccessItem":false,"isOutOfStock":false,"maxVisibleSwatchCount":4,"name":"Marketside Spinach Dijon Salad, 4.9 oz Bowl, Fresh","groupMetaData":null,"itemType":null,"pac":null,"offerId":"5F557D85DEEC4D2CB49089F62E711752","sellerId":"F55CDC31AB754BB68FE0B39041159D63","showSubscribe":false,"sellerName":null,"salesUnitType":"EACH","weightIncrement":1,"hasSellerBadge":null,"preOrder":{"streetDate":null,"streetDateDisplayable":null,"streetDateType":null,"isPreOrder":false,"preOrderMessage":null,"preOrderStreetDateMessage":null},"price":2.97,"priceInfo":{"linePrice":"$2.97","priceDisplayCondition":null,"unitPrice":"60.6 ¢/oz","priceRangeString":"","subscriptionString":"","linePriceDisplay":"$2.97","eaPricingPreText":""},"usItemId":"128485726","variantList":[],"isVariantTypeSwatch":false,"type":"REGULAR","rating":{"averageRating":0,"numberOfReviews":0},"sponsoredProduct":null,"isSponsoredFlag":false,"brand":"Marketside","canonicalUrl":"/ip/Marketside-Spinach-Dijon-Salad-4-9-oz-Bowl-Fresh/128485726?athcpid=128485726\u0026athpgid=AthenaContentPage_5306523\u0026athcgid=null\u0026athznid=ItemCarousel_0505b702-d051-4afb-8497-8a00e2c2c0f1_items\u0026athieid=v0\u0026athstid=CS020\u0026athguid=RlEjjy3vFDoOKlTIw3pddki_Ijj7yfueE6BV\u0026athancid=null\u0026athena=true"},{"canAddToCart":true,"showOptions":false,"badge":null,"badgeGroups":[],"badges":{"flags":null,"labels":[],"tags":[{"key":"PICKUP","text":"Pickup","id":"L1001","rank":null},{"key":"DELIVERY","text":"Delivery","id":"L1002","rank":null}],"groups":[]},"earlyAccessEvent":false,"eventAttributes":{"specialBuy":false,"priceFlip":false},"flag":"","classType":"REGULAR","fulfillmentBadges":["Pickup","Delivery"],"fulfillmentSpeed":null,"fulfillmentType":"STORE","id":"748710581","image":"https://i5.walmartimages.com/asr/b2298f2c-9cb4-46c7-bfdc-e8a9f92b3b4f.03dc472ac8806efe27ef7c7188bcd9a6.jpeg","isEarlyAccessItem":false,"isOutOfStock":false,"maxVisibleSwatchCount":4,"name":"Marketside Chef Salad with Uncured Ham and Turkey, 7.25 oz Bowl, Fresh","groupMetaData":null,"itemType":null,"pac":null,"offerId":"ECA9DB3FF2ED4365A837DF3EB36A5840","sellerId":"F55CDC31AB754BB68FE0B39041159D63","showSubscribe":false,"sellerName":null,"salesUnitType":"EACH","weightIncrement":1,"hasSellerBadge":null,"preOrder":{"streetDate":null,"streetDateDisplayable":null,"streetDateType":null,"isPreOrder":false,"preOrderMessage":null,"preOrderStreetDateMessage":null},"price":2.97,"priceInfo":{"linePrice":"$2.97","priceDisplayCondition":null,"unitPrice":"41.0 ¢/oz","priceRangeString":"","subscriptionString":"","linePriceDisplay":"$2.97","eaPricingPreText":""},"usItemId":"748710581","variantList":[],"isVariantTypeSwatch":false,"type":"REGULAR","rating":{"averageRating":0,"numberOfReviews":0},"sponsoredProduct":null,"isSponsoredFlag":false,"brand":"Marketside","canonicalUrl":"/ip/Marketside-Chef-Salad-with-Uncured-Ham-and-Turkey-7-25-oz-Bowl-Fresh/748710581?athcpid=748710581\u0026athpgid=AthenaContentPage_5306523\u0026athcgid=null\u0026athznid=ItemCarousel_0505b702-d051-4afb-8497-8a00e2c2c0f1_items\u0026athieid=v0\u0026athstid=CS020\u0026athguid=RlEjjy3vFDoOKlTIw3pddki_Ijj7yfueE6BV\u0026athancid=null\u0026athena=true"}]}},"publishedDate":1691388800828,"moduleId":"0505b702-d051-4afb-8497-8a00e2c2c0f1","module_id":"0505b702-d051-4afb-8497-8a00e2c2c0f1","matchedTrigger":{"pageType":"ContentPage","pageId":"5306523","zone":"contentZone9","inheritable":false}},{"name":"Item Carousel FY23 Q4 Produce Healthy Living Easy snacking","type":"ItemCarousel","version":3,"status":"published","schedule":{"start":null,"end":null,"priority":1,"expEnabled":false},"triggers":[{"pageType":"ContentPage","pageId":"5306523","zone":"contentZone5","inheritable":false}],"configs":{"__typename":"TempoWM_GLASSWWWItemCarouselConfigsV1","type":null,"title":"Easy snacking","subTitle":null,"viewAllLink":null,"spBeaconInfo":null,"tileOptions":null,"productsConfig":{"products":[{"canAddToCart":true,"showOptions":false,"badge":{"id":"L1600","text":"Best seller","key":"BESTSELLER","type":"LABEL","rank":1,"styleId":null},"badgeGroups":[],"badges":{"flags":[{"key":"BESTSELLER","text":"Best seller","type":"LABEL","id":"L1600","rank":1,"styleId":null}],"labels":[],"tags":[{"key":"PICKUP","text":"Pickup","id":"L1001","rank":null},{"key":"DELIVERY","text":"Delivery","id":"L1002","rank":null}],"groups":[]},"earlyAccessEvent":false,"eventAttributes":{"specialBuy":false,"priceFlip":false},"flag":"Best seller","classType":"REGULAR","fulfillmentBadges":["Pickup","Delivery"],"fulfillmentSpeed":null,"fulfillmentType":"STORE","id":"45980580","image":"https://i5.walmartimages.com/asr/1160cca0-f13b-4a7b-be0a-950259f7c832.e86d45d1ff4063d2e6d2091f530740ef.png","isEarlyAccessItem":false,"isOutOfStock":false,"maxVisibleSwatchCount":4,"name":"FRESH CRAVINGS Restaurant Style Mild Salsa, 16 oz","groupMetaData":null,"itemType":null,"pac":null,"offerId":"808E010FEFB74DE582AC440AF0403447","sellerId":"F55CDC31AB754BB68FE0B39041159D63","showSubscribe":false,"sellerName":null,"salesUnitType":"EACH","weightIncrement":1,"hasSellerBadge":null,"preOrder":{"streetDate":null,"streetDateDisplayable":null,"streetDateType":null,"isPreOrder":false,"preOrderMessage":null,"preOrderStreetDateMessage":null},"price":3.43,"priceInfo":{"linePrice":"$3.43","priceDisplayCondition":null,"unitPrice":"21.4 ¢/oz","priceRangeString":"","subscriptionString":"","linePriceDisplay":"$3.43","eaPricingPreText":""},"usItemId":"45980580","variantList":[],"isVariantTypeSwatch":false,"type":"REGULAR","rating":{"averageRating":4.5,"numberOfReviews":1110},"sponsoredProduct":null,"isSponsoredFlag":false,"brand":"Fresh Cravings","canonicalUrl":"/ip/FRESH-CRAVINGS-Restaurant-Style-Mild-Salsa-16-oz/45980580?athcpid=45980580\u0026athpgid=AthenaContentPage_5306523\u0026athcgid=null\u0026athznid=ItemCarousel_d5119a91-5cfc-4da8-b991-f13f9adf1aa9_items\u0026athieid=v0\u0026athstid=CS020\u0026athguid=RlEjjy3vFDoOKlTIw3pddki_Ijj7yfueE6BV\u0026athancid=null\u0026athena=true\u0026athbdg=L1600"},{"canAddToCart":true,"showOptions":false,"badge":null,"badgeGroups":[],"badges":{"flags":null,"labels":[],"tags":[{"key":"PICKUP","text":"Pickup","id":"L1001","rank":null},{"key":"DELIVERY","text":"Delivery","id":"L1002","rank":null}],"groups":[]},"earlyAccessEvent":false,"eventAttributes":{"specialBuy":false,"priceFlip":false},"flag":"","classType":"REGULAR","fulfillmentBadges":["Pickup","Delivery"],"fulfillmentSpeed":null,"fulfillmentType":"STORE","id":"52145785","image":"https://i5.walmartimages.com/asr/3e58dee1-e0f0-4eae-88d5-f5d174034582.5594f43c7b572cccdb3a8db65f9db8fd.png","isEarlyAccessItem":false,"isOutOfStock":false,"maxVisibleSwatchCount":4,"name":"FRESH CRAVINGS Chunky MIld Salsa, 16 oz","groupMetaData":null,"itemType":null,"pac":null,"offerId":"028B16EED6ED4157B3E1D9CE8D1DDF99","sellerId":"F55CDC31AB754BB68FE0B39041159D63","showSubscribe":false,"sellerName":null,"salesUnitType":"EACH","weightIncrement":1,"hasSellerBadge":null,"preOrder":{"streetDate":null,"streetDateDisplayable":null,"streetDateType":null,"isPreOrder":false,"preOrderMessage":null,"preOrderStreetDateMessage":null},"price":3.43,"priceInfo":{"linePrice":"$3.43","priceDisplayCondition":null,"unitPrice":"21.4 ¢/oz","priceRangeString":"","subscriptionString":"","linePriceDisplay":"$3.43","eaPricingPreText":""},"usItemId":"52145785","variantList":[],"isVariantTypeSwatch":false,"type":"REGULAR","rating":{"averageRating":4.6,"numberOfReviews":644},"sponsoredProduct":null,"isSponsoredFlag":false,"brand":"Fresh Cravings","canonicalUrl":"/ip/FRESH-CRAVINGS-Chunky-MIld-Salsa-16-oz/52145785?athcpid=52145785\u0026athpgid=AthenaContentPage_5306523\u0026athcgid=null\u0026athznid=ItemCarousel_d5119a91-5cfc-4da8-b991-f13f9adf1aa9_items\u0026athieid=v0\u0026athstid=CS020\u0026athguid=RlEjjy3vFDoOKlTIw3pddki_Ijj7yfueE6BV\u0026athancid=null\u0026athena=true"},{"canAddToCart":true,"showOptions":false,"badge":null,"badgeGroups":[],"badges":{"flags":null,"labels":[],"tags":[{"key":"PICKUP","text":"Pickup","id":"L1001","rank":null},{"key":"DELIVERY","text":"Delivery","id":"L1002","rank":null}],"groups":[]},"earlyAccessEvent":false,"eventAttributes":{"specialBuy":false,"priceFlip":false},"flag":"","classType":"REGULAR","fulfillmentBadges":["Pickup","Delivery"],"fulfillmentSpeed":null,"fulfillmentType":"STORE","id":"236423545","image":"https://i5.walmartimages.com/asr/5370e100-f5e5-4f91-890c-d1aa97b338d6.6baa8f42f0d77e7f3d1f0674794a8583.jpeg","isEarlyAccessItem":false,"isOutOfStock":false,"maxVisibleSwatchCount":4,"name":"Marketside Sliced Apples, 12.5 oz, 5 Count","groupMetaData":null,"itemType":null,"pac":null,"offerId":"5D7CACEF24294D3E86B2092441AF4BEC","sellerId":"F55CDC31AB754BB68FE0B39041159D63","showSubscribe":false,"sellerName":null,"salesUnitType":"EACH","weightIncrement":1,"hasSellerBadge":null,"preOrder":{"streetDate":null,"streetDateDisplayable":null,"streetDateType":null,"isPreOrder":false,"preOrderMessage":null,"preOrderStreetDateMessage":null},"price":4.67,"priceInfo":{"linePrice":"$4.67","priceDisplayCondition":null,"unitPrice":"37.4 ¢/oz","priceRangeString":"","subscriptionString":"","linePriceDisplay":"$4.67","eaPricingPreText":""},"usItemId":"236423545","variantList":[],"isVariantTypeSwatch":false,"type":"REGULAR","rating":{"averageRating":1.4,"numberOfReviews":42},"sponsoredProduct":null,"isSponsoredFlag":false,"brand":"Marketside","canonicalUrl":"/ip/Marketside-Sliced-Apples-12-5-oz-5-Count/236423545?athcpid=236423545\u0026athpgid=AthenaContentPage_5306523\u0026athcgid=null\u0026athznid=ItemCarousel_d5119a91-5cfc-4da8-b991-f13f9adf1aa9_items\u0026athieid=v0\u0026athstid=CS020\u0026athguid=RlEjjy3vFDoOKlTIw3pddki_Ijj7yfueE6BV\u0026athancid=null\u0026athena=true"},{"canAddToCart":true,"showOptions":false,"badge":{"id":"L1600","text":"Best seller","key":"BESTSELLER","type":"LABEL","rank":1,"styleId":null},"badgeGroups":[],"badges":{"flags":[{"key":"BESTSELLER","text":"Best seller","type":"LABEL","id":"L1600","rank":1,"styleId":null}],"labels":[],"tags":[{"key":"PICKUP","text":"Pickup","id":"L1001","rank":null},{"key":"DELIVERY","text":"Delivery","id":"L1002","rank":null}],"groups":[]},"earlyAccessEvent":false,"eventAttributes":{"specialBuy":false,"priceFlip":false},"flag":"Best seller","classType":"REGULAR","fulfillmentBadges":["Pickup","Delivery"],"fulfillmentSpeed":null,"fulfillmentType":"STORE","id":"814142465","image":"https://i5.walmartimages.com/asr/01753d90-f6d8-4ed9-b641-8db128aacc3b.3b8aadef3c21f9af2e53943cf95d9133.jpeg","isEarlyAccessItem":false,"isOutOfStock":false,"maxVisibleSwatchCount":4,"name":"Freshness Guaranteed Mild Guacamole Mini Cups, 12 oz, 6 Count","groupMetaData":null,"itemType":null,"pac":null,"offerId":"0F963E4159CD41108EFC6BA1E57137A2","sellerId":"F55CDC31AB754BB68FE0B39041159D63","showSubscribe":false,"sellerName":null,"salesUnitType":"EACH","weightIncrement":1,"hasSellerBadge":null,"preOrder":{"streetDate":null,"streetDateDisplayable":null,"streetDateType":null,"isPreOrder":false,"preOrderMessage":null,"preOrderStreetDateMessage":null},"price":4.18,"priceInfo":{"linePrice":"$4.18","priceDisplayCondition":null,"unitPrice":"34.8 ¢/oz","priceRangeString":"","subscriptionString":"","linePriceDisplay":"$4.18","eaPricingPreText":""},"usItemId":"814142465","variantList":[],"isVariantTypeSwatch":false,"type":"REGULAR","rating":{"averageRating":3.4,"numberOfReviews":141},"sponsoredProduct":null,"isSponsoredFlag":false,"brand":"Freshness Guaranteed","canonicalUrl":"/ip/Freshness-Guaranteed-Mild-Guacamole-Mini-Cups-12-oz-6-Count/814142465?athcpid=814142465\u0026athpgid=AthenaContentPage_5306523\u0026athcgid=null\u0026athznid=ItemCarousel_d5119a91-5cfc-4da8-b991-f13f9adf1aa9_items\u0026athieid=v0\u0026athstid=CS020\u0026athguid=RlEjjy3vFDoOKlTIw3pddki_Ijj7yfueE6BV\u0026athancid=null\u0026athena=true\u0026athbdg=L1600"},{"canAddToCart":true,"showOptions":false,"badge":null,"badgeGroups":[],"badges":{"flags":null,"labels":[],"tags":[{"key":"PICKUP","text":"Pickup","id":"L1001","rank":null},{"key":"DELIVERY","text":"Delivery","id":"L1002","rank":null}],"groups":[]},"earlyAccessEvent":false,"eventAttributes":{"specialBuy":false,"priceFlip":false},"flag":"","classType":"REGULAR","fulfillmentBadges":["Pickup","Delivery"],"fulfillmentSpeed":null,"fulfillmentType":"STORE","id":"842476413","image":"https://i5.walmartimages.com/asr/5625c45b-07d3-4fe2-af27-ddb86f6b7255_1.6ae9b5103278643e75b819b782a24ff5.jpeg","isEarlyAccessItem":false,"isOutOfStock":false,"maxVisibleSwatchCount":4,"name":"Marketside Peeled Sliced Apples, 12.5 oz, 5 Count","groupMetaData":null,"itemType":null,"pac":null,"offerId":"A365A76F9B21443F815E8BFB746F7A99","sellerId":"F55CDC31AB754BB68FE0B39041159D63","showSubscribe":false,"sellerName":null,"salesUnitType":"EACH","weightIncrement":1,"hasSellerBadge":null,"preOrder":{"streetDate":null,"streetDateDisplayable":null,"streetDateType":null,"isPreOrder":false,"preOrderMessage":null,"preOrderStreetDateMessage":null},"price":4.67,"priceInfo":{"linePrice":"$4.67","priceDisplayCondition":null,"unitPrice":"37.4 ¢/oz","priceRangeString":"","subscriptionString":"","linePriceDisplay":"$4.67","eaPricingPreText":""},"usItemId":"842476413","variantList":[],"isVariantTypeSwatch":false,"type":"REGULAR","rating":{"averageRating":2.2,"numberOfReviews":57},"sponsoredProduct":null,"isSponsoredFlag":false,"brand":"Marketside","canonicalUrl":"/ip/Marketside-Peeled-Sliced-Apples-12-5-oz-5-Count/842476413?athcpid=842476413\u0026athpgid=AthenaContentPage_5306523\u0026athcgid=null\u0026athznid=ItemCarousel_d5119a91-5cfc-4da8-b991-f13f9adf1aa9_items\u0026athieid=v0\u0026athstid=CS020\u0026athguid=RlEjjy3vFDoOKlTIw3pddki_Ijj7yfueE6BV\u0026athancid=null\u0026athena=true"},{"canAddToCart":true,"showOptions":false,"badge":{"id":"L1600","text":"Best seller","key":"BESTSELLER","type":"LABEL","rank":1,"styleId":null},"badgeGroups":[],"badges":{"flags":[{"key":"BESTSELLER","text":"Best seller","type":"LABEL","id":"L1600","rank":1,"styleId":null}],"labels":[],"tags":[{"key":"PICKUP","text":"Pickup","id":"L1001","rank":null},{"key":"DELIVERY","text":"Delivery","id":"L1002","rank":null}],"groups":[]},"earlyAccessEvent":false,"eventAttributes":{"specialBuy":false,"priceFlip":false},"flag":"Best seller","classType":"REGULAR","fulfillmentBadges":["Pickup","Delivery"],"fulfillmentSpeed":null,"fulfillmentType":"STORE","id":"533767006","image":"https://i5.walmartimages.com/asr/391af844-c0c4-4029-9961-5d9899fa8181.d27a885f3bd6007bdfcdae9fee295ed9.jpeg","isEarlyAccessItem":false,"isOutOfStock":false,"maxVisibleSwatchCount":4,"name":"Freshness Guaranteed Guacamole, Mild, 8 oz","groupMetaData":null,"itemType":null,"pac":null,"offerId":"8A8E5FF1BD9D4D1191F1259BFA9C95A4","sellerId":"F55CDC31AB754BB68FE0B39041159D63","showSubscribe":false,"sellerName":null,"salesUnitType":"EACH","weightIncrement":1,"hasSellerBadge":null,"preOrder":{"streetDate":null,"streetDateDisplayable":null,"streetDateType":null,"isPreOrder":false,"preOrderMessage":null,"preOrderStreetDateMessage":null},"price":2.98,"priceInfo":{"linePrice":"$2.98","priceDisplayCondition":null,"unitPrice":"37.3 ¢/oz","priceRangeString":"","subscriptionString":"","linePriceDisplay":"$2.98","eaPricingPreText":""},"usItemId":"533767006","variantList":[],"isVariantTypeSwatch":false,"type":"REGULAR","rating":{"averageRating":3.2,"numberOfReviews":148},"sponsoredProduct":null,"isSponsoredFlag":false,"brand":"Freshness Guaranteed","canonicalUrl":"/ip/Freshness-Guaranteed-Guacamole-Mild-8-oz/533767006?athcpid=533767006\u0026athpgid=AthenaContentPage_5306523\u0026athcgid=null\u0026athznid=ItemCarousel_d5119a91-5cfc-4da8-b991-f13f9adf1aa9_items\u0026athieid=v0\u0026athstid=CS020\u0026athguid=RlEjjy3vFDoOKlTIw3pddki_Ijj7yfueE6BV\u0026athancid=null\u0026athena=true\u0026athbdg=L1600"},{"canAddToCart":true,"showOptions":false,"badge":null,"badgeGroups":[],"badges":{"flags":null,"labels":[],"tags":[{"key":"PICKUP","text":"Pickup","id":"L1001","rank":null},{"key":"DELIVERY","text":"Delivery","id":"L1002","rank":null}],"groups":[]},"earlyAccessEvent":false,"eventAttributes":{"specialBuy":false,"priceFlip":false},"flag":"","classType":"REGULAR","fulfillmentBadges":["Pickup","Delivery"],"fulfillmentSpeed":null,"fulfillmentType":"STORE","id":"309762096","image":"https://i5.walmartimages.com/asr/de6d6d44-507a-43e4-9bd9-d86286473870.4d6dbcb5c200885859982510d4314077.jpeg","isEarlyAccessItem":false,"isOutOfStock":false,"maxVisibleSwatchCount":4,"name":"Fresh Rockit, Crisp Sweet Miniature Apples, 3lb Tub","groupMetaData":null,"itemType":null,"pac":null,"offerId":"AC8C51F0396B4072B53EDABAA1DF222B","sellerId":"F55CDC31AB754BB68FE0B39041159D63","showSubscribe":false,"sellerName":null,"salesUnitType":"EACH","weightIncrement":1,"hasSellerBadge":null,"preOrder":{"streetDate":null,"streetDateDisplayable":null,"streetDateType":null,"isPreOrder":false,"preOrderMessage":null,"preOrderStreetDateMessage":null},"price":10.37,"priceInfo":{"linePrice":"$10.37","priceDisplayCondition":null,"priceRangeString":"","subscriptionString":"","linePriceDisplay":"$10.37","eaPricingPreText":""},"usItemId":"309762096","variantList":[],"isVariantTypeSwatch":false,"type":"REGULAR","rating":{"averageRating":4.4,"numberOfReviews":366},"sponsoredProduct":null,"isSponsoredFlag":false,"brand":"Fresh Produce","canonicalUrl":"/ip/Fresh-Rockit-Crisp-Sweet-Miniature-Apples-3lb-Tub/309762096?athcpid=309762096\u0026athpgid=AthenaContentPage_5306523\u0026athcgid=null\u0026athznid=ItemCarousel_d5119a91-5cfc-4da8-b991-f13f9adf1aa9_items\u0026athieid=v0\u0026athstid=CS020\u0026athguid=RlEjjy3vFDoOKlTIw3pddki_Ijj7yfueE6BV\u0026athancid=null\u0026athena=true"},{"canAddToCart":true,"showOptions":false,"badge":{"id":"L1600","text":"Best seller","key":"BESTSELLER","type":"LABEL","rank":1,"styleId":null},"badgeGroups":[],"badges":{"flags":[{"key":"BESTSELLER","text":"Best seller","type":"LABEL","id":"L1600","rank":1,"styleId":null}],"labels":[],"tags":[{"key":"PICKUP","text":"Pickup","id":"L1001","rank":null},{"key":"DELIVERY","text":"Delivery","id":"L1002","rank":null}],"groups":[]},"earlyAccessEvent":false,"eventAttributes":{"specialBuy":false,"priceFlip":false},"flag":"Best seller","classType":"REGULAR","fulfillmentBadges":["Pickup","Delivery"],"fulfillmentSpeed":null,"fulfillmentType":"STORE","id":"45980581","image":"https://i5.walmartimages.com/asr/f4813bdd-3d59-4650-91b7-68eb244db228.e95d67f12d9bb50dac29d1d6bf2091b4.png","isEarlyAccessItem":false,"isOutOfStock":false,"maxVisibleSwatchCount":4,"name":"FRESH CRAVINGS Restaurant Style Medium Salsa, 16 oz","groupMetaData":null,"itemType":null,"pac":null,"offerId":"9F109A138D174505ACCF3438822BC25C","sellerId":"F55CDC31AB754BB68FE0B39041159D63","showSubscribe":false,"sellerName":null,"salesUnitType":"EACH","weightIncrement":1,"hasSellerBadge":null,"preOrder":{"streetDate":null,"streetDateDisplayable":null,"streetDateType":null,"isPreOrder":false,"preOrderMessage":null,"preOrderStreetDateMessage":null},"price":3.43,"priceInfo":{"linePrice":"$3.43","priceDisplayCondition":null,"unitPrice":"21.4 ¢/oz","priceRangeString":"","subscriptionString":"","linePriceDisplay":"$3.43","eaPricingPreText":""},"usItemId":"45980581","variantList":[],"isVariantTypeSwatch":false,"type":"REGULAR","rating":{"averageRating":4.4,"numberOfReviews":1067},"sponsoredProduct":null,"isSponsoredFlag":false,"brand":"Fresh Cravings","canonicalUrl":"/ip/FRESH-CRAVINGS-Restaurant-Style-Medium-Salsa-16-oz/45980581?athcpid=45980581\u0026athpgid=AthenaContentPage_5306523\u0026athcgid=null\u0026athznid=ItemCarousel_d5119a91-5cfc-4da8-b991-f13f9adf1aa9_items\u0026athieid=v0\u0026athstid=CS020\u0026athguid=RlEjjy3vFDoOKlTIw3pddki_Ijj7yfueE6BV\u0026athancid=null\u0026athena=true\u0026athbdg=L1600"},{"canAddToCart":true,"showOptions":false,"badge":null,"badgeGroups":[],"badges":{"flags":null,"labels":[],"tags":[{"key":"PICKUP","text":"Pickup","id":"L1001","rank":null},{"key":"DELIVERY","text":"Delivery","id":"L1002","rank":null}],"groups":[]},"earlyAccessEvent":false,"eventAttributes":{"specialBuy":false,"priceFlip":false},"flag":"","classType":"REGULAR","fulfillmentBadges":["Pickup","Delivery"],"fulfillmentSpeed":null,"fulfillmentType":"STORE","id":"572154678","image":"https://i5.walmartimages.com/asr/fba49048-679f-4fc6-b52c-4c85cdc7d712.03cb8f211e76e07cf47b7a62bd167ab9.jpeg","isEarlyAccessItem":false,"isOutOfStock":false,"maxVisibleSwatchCount":4,"name":"Freshness Guaranteed Guacamole, Spicy, 8 oz","groupMetaData":null,"itemType":null,"pac":null,"offerId":"9E5B4DBD12464B438BEF8E9059FD4CEF","sellerId":"F55CDC31AB754BB68FE0B39041159D63","showSubscribe":false,"sellerName":null,"salesUnitType":"EACH","weightIncrement":1,"hasSellerBadge":null,"preOrder":{"streetDate":null,"streetDateDisplayable":null,"streetDateType":null,"isPreOrder":false,"preOrderMessage":null,"preOrderStreetDateMessage":null},"price":2.98,"priceInfo":{"linePrice":"$2.98","priceDisplayCondition":null,"unitPrice":"37.3 ¢/oz","priceRangeString":"","subscriptionString":"","linePriceDisplay":"$2.98","eaPricingPreText":""},"usItemId":"572154678","variantList":[],"isVariantTypeSwatch":false,"type":"REGULAR","rating":{"averageRating":3.5,"numberOfReviews":60},"sponsoredProduct":null,"isSponsoredFlag":false,"brand":"Freshness Guaranteed","canonicalUrl":"/ip/Freshness-Guaranteed-Guacamole-Spicy-8-oz/572154678?athcpid=572154678\u0026athpgid=AthenaContentPage_5306523\u0026athcgid=null\u0026athznid=ItemCarousel_d5119a91-5cfc-4da8-b991-f13f9adf1aa9_items\u0026athieid=v0\u0026athstid=CS020\u0026athguid=RlEjjy3vFDoOKlTIw3pddki_Ijj7yfueE6BV\u0026athancid=null\u0026athena=true"},{"canAddToCart":true,"showOptions":false,"badge":null,"badgeGroups":[],"badges":{"flags":null,"labels":[],"tags":[{"key":"PICKUP","text":"Pickup","id":"L1001","rank":null},{"key":"DELIVERY","text":"Delivery","id":"L1002","rank":null}],"groups":[]},"earlyAccessEvent":false,"eventAttributes":{"specialBuy":false,"priceFlip":false},"flag":"","classType":"REGULAR","fulfillmentBadges":["Pickup","Delivery"],"fulfillmentSpeed":null,"fulfillmentType":"STORE","id":"330307128","image":"https://i5.walmartimages.com/asr/3d173101-d4ee-46ba-9563-1dc817652fad.488c3085f0fe97f2b5ed9c0e7ca93238.jpeg","isEarlyAccessItem":false,"isOutOfStock":false,"maxVisibleSwatchCount":4,"name":"Freshness Guaranteed Chunky Guacamole, 8 oz","groupMetaData":null,"itemType":null,"pac":null,"offerId":"FE89A3B4B164488D8903541D6B7E84B2","sellerId":"F55CDC31AB754BB68FE0B39041159D63","showSubscribe":false,"sellerName":null,"salesUnitType":"EACH","weightIncrement":1,"hasSellerBadge":null,"preOrder":{"streetDate":null,"streetDateDisplayable":null,"streetDateType":null,"isPreOrder":false,"preOrderMessage":null,"preOrderStreetDateMessage":null},"price":2.98,"priceInfo":{"linePrice":"$2.98","priceDisplayCondition":null,"unitPrice":"37.3 ¢/oz","priceRangeString":"","subscriptionString":"","linePriceDisplay":"$2.98","eaPricingPreText":""},"usItemId":"330307128","variantList":[],"isVariantTypeSwatch":false,"type":"REGULAR","rating":{"averageRating":3.5,"numberOfReviews":72},"sponsoredProduct":null,"isSponsoredFlag":false,"brand":"Freshness Guaranteed","canonicalUrl":"/ip/Freshness-Guaranteed-Chunky-Guacamole-8-oz/330307128?athcpid=330307128\u0026athpgid=AthenaContentPage_5306523\u0026athcgid=null\u0026athznid=ItemCarousel_d5119a91-5cfc-4da8-b991-f13f9adf1aa9_items\u0026athieid=v0\u0026athstid=CS020\u0026athguid=RlEjjy3vFDoOKlTIw3pddki_Ijj7yfueE6BV\u0026athancid=null\u0026athena=true"},{"canAddToCart":true,"showOptions":false,"badge":{"id":"L1600","text":"Best seller","key":"BESTSELLER","type":"LABEL","rank":1,"styleId":null},"badgeGroups":[],"badges":{"flags":[{"key":"BESTSELLER","text":"Best seller","type":"LABEL","id":"L1600","rank":1,"styleId":null}],"labels":[],"tags":[{"key":"PICKUP","text":"Pickup","id":"L1001","rank":null},{"key":"DELIVERY","text":"Delivery","id":"L1002","rank":null}],"groups":[]},"earlyAccessEvent":false,"eventAttributes":{"specialBuy":false,"priceFlip":false},"flag":"Best seller","classType":"REGULAR","fulfillmentBadges":["Pickup","Delivery"],"fulfillmentSpeed":null,"fulfillmentType":"STORE","id":"44391212","image":"https://i5.walmartimages.com/asr/b3c52fca-aeb9-4bd3-8aea-0d46e103badf.bfc1ebc435ac8c3e47eedccbe1b841df.jpeg","isEarlyAccessItem":false,"isOutOfStock":false,"maxVisibleSwatchCount":4,"name":"Taylor Farms Almonds \u0026 Cheese Snack Pack, 6.5 oz","groupMetaData":null,"itemType":null,"pac":null,"offerId":"AFA78FA32B724DEC97E10BCE295A9928","sellerId":"F55CDC31AB754BB68FE0B39041159D63","showSubscribe":false,"sellerName":null,"salesUnitType":"EACH","weightIncrement":1,"hasSellerBadge":null,"preOrder":{"streetDate":null,"streetDateDisplayable":null,"streetDateType":null,"isPreOrder":false,"preOrderMessage":null,"preOrderStreetDateMessage":null},"price":2.97,"priceInfo":{"linePrice":"$2.97","priceDisplayCondition":null,"unitPrice":"45.7 ¢/oz","priceRangeString":"","subscriptionString":"","linePriceDisplay":"$2.97","eaPricingPreText":""},"usItemId":"44391212","variantList":[],"isVariantTypeSwatch":false,"type":"REGULAR","rating":{"averageRating":3.6,"numberOfReviews":156},"sponsoredProduct":null,"isSponsoredFlag":false,"brand":"Taylor Farms","canonicalUrl":"/ip/Taylor-Farms-Almonds-Cheese-Snack-Pack-6-5-oz/44391212?athcpid=44391212\u0026athpgid=AthenaContentPage_5306523\u0026athcgid=null\u0026athznid=ItemCarousel_d5119a91-5cfc-4da8-b991-f13f9adf1aa9_items\u0026athieid=v0\u0026athstid=CS020\u0026athguid=RlEjjy3vFDoOKlTIw3pddki_Ijj7yfueE6BV\u0026athancid=null\u0026athena=true\u0026athbdg=L1600"},{"canAddToCart":true,"showOptions":false,"badge":null,"badgeGroups":[],"badges":{"flags":null,"labels":[],"tags":[{"key":"PICKUP","text":"Pickup","id":"L1001","rank":null},{"key":"DELIVERY","text":"Delivery","id":"L1002","rank":null}],"groups":[]},"earlyAccessEvent":false,"eventAttributes":{"specialBuy":false,"priceFlip":false},"flag":"","classType":"REGULAR","fulfillmentBadges":["Pickup","Delivery"],"fulfillmentSpeed":null,"fulfillmentType":"STORE","id":"47308146","image":"https://i5.walmartimages.com/asr/fecde9db-e48c-40b3-b7e9-d47b31753a5b.c6e6bb935facd84ccf139438b00a2348.png","isEarlyAccessItem":false,"isOutOfStock":false,"maxVisibleSwatchCount":4,"name":"FRESH CRAVINGS Restaurant Style Hot Salsa, 16 oz","groupMetaData":null,"itemType":null,"pac":null,"offerId":"8E418051C2E049ED8E9398E0FE8C9121","sellerId":"F55CDC31AB754BB68FE0B39041159D63","showSubscribe":false,"sellerName":null,"salesUnitType":"EACH","weightIncrement":1,"hasSellerBadge":null,"preOrder":{"streetDate":null,"streetDateDisplayable":null,"streetDateType":null,"isPreOrder":false,"preOrderMessage":null,"preOrderStreetDateMessage":null},"price":3.43,"priceInfo":{"linePrice":"$3.43","priceDisplayCondition":null,"unitPrice":"21.4 ¢/oz","priceRangeString":"","subscriptionString":"","linePriceDisplay":"$3.43","eaPricingPreText":""},"usItemId":"47308146","variantList":[],"isVariantTypeSwatch":false,"type":"REGULAR","rating":{"averageRating":4.5,"numberOfReviews":512},"sponsoredProduct":null,"isSponsoredFlag":false,"brand":"Fresh Cravings","canonicalUrl":"/ip/FRESH-CRAVINGS-Restaurant-Style-Hot-Salsa-16-oz/47308146?athcpid=47308146\u0026athpgid=AthenaContentPage_5306523\u0026athcgid=null\u0026athznid=ItemCarousel_d5119a91-5cfc-4da8-b991-f13f9adf1aa9_items\u0026athieid=v0\u0026athstid=CS020\u0026athguid=RlEjjy3vFDoOKlTIw3pddki_Ijj7yfueE6BV\u0026athancid=null\u0026athena=true"},{"canAddToCart":true,"showOptions":false,"badge":{"id":"L1600","text":"Best seller","key":"BESTSELLER","type":"LABEL","rank":1,"styleId":null},"badgeGroups":[],"badges":{"flags":[{"key":"BESTSELLER","text":"Best seller","type":"LABEL","id":"L1600","rank":1,"styleId":null}],"labels":[],"tags":[{"key":"PICKUP","text":"Pickup","id":"L1001","rank":null},{"key":"DELIVERY","text":"Delivery","id":"L1002","rank":null}],"groups":[]},"earlyAccessEvent":false,"eventAttributes":{"specialBuy":false,"priceFlip":false},"flag":"Best seller","classType":"REGULAR","fulfillmentBadges":["Pickup","Delivery"],"fulfillmentSpeed":null,"fulfillmentType":"STORE","id":"682318551","image":"https://i5.walmartimages.com/asr/3c8be366-e81a-4a64-b51d-49f5d8b55dad.31f0670d6acc9a1db41e7b7bb5408254.jpeg","isEarlyAccessItem":false,"isOutOfStock":false,"maxVisibleSwatchCount":4,"name":"Freshness Guaranteed Seasonal Fruit Blend, 10 oz","groupMetaData":null,"itemType":null,"pac":null,"offerId":"5523212C72AE4D49BDBA83B1D6CE27F2","sellerId":"F55CDC31AB754BB68FE0B39041159D63","showSubscribe":false,"sellerName":null,"salesUnitType":"EACH","weightIncrement":1,"hasSellerBadge":null,"preOrder":{"streetDate":null,"streetDateDisplayable":null,"streetDateType":null,"isPreOrder":false,"preOrderMessage":null,"preOrderStreetDateMessage":null},"price":3.47,"priceInfo":{"linePrice":"$3.47","priceDisplayCondition":null,"unitPrice":"34.7 ¢/oz","priceRangeString":"","subscriptionString":"","linePriceDisplay":"$3.47","eaPricingPreText":""},"usItemId":"682318551","variantList":[],"isVariantTypeSwatch":false,"type":"REGULAR","rating":{"averageRating":1.9,"numberOfReviews":275},"sponsoredProduct":null,"isSponsoredFlag":false,"brand":"Fresh Produce","canonicalUrl":"/ip/Freshness-Guaranteed-Seasonal-Fruit-Blend-10-oz/682318551?athcpid=682318551\u0026athpgid=AthenaContentPage_5306523\u0026athcgid=null\u0026athznid=ItemCarousel_d5119a91-5cfc-4da8-b991-f13f9adf1aa9_items\u0026athieid=v0\u0026athstid=CS020\u0026athguid=RlEjjy3vFDoOKlTIw3pddki_Ijj7yfueE6BV\u0026athancid=null\u0026athena=true\u0026athbdg=L1600"},{"canAddToCart":true,"showOptions":false,"badge":{"id":"L1600","text":"Best seller","key":"BESTSELLER","type":"LABEL","rank":1,"styleId":null},"badgeGroups":[],"badges":{"flags":[{"key":"BESTSELLER","text":"Best seller","type":"LABEL","id":"L1600","rank":1,"styleId":null}],"labels":[],"tags":[{"key":"PICKUP","text":"Pickup","id":"L1001","rank":null},{"key":"DELIVERY","text":"Delivery","id":"L1002","rank":null}],"groups":[]},"earlyAccessEvent":false,"eventAttributes":{"specialBuy":false,"priceFlip":false},"flag":"Best seller","classType":"REGULAR","fulfillmentBadges":["Pickup","Delivery"],"fulfillmentSpeed":null,"fulfillmentType":"STORE","id":"692158171","image":"https://i5.walmartimages.com/asr/67af6125-1a6f-440d-b398-fcd2424438d8.7d06ae127459b98782359e5ac1ee2007.jpeg","isEarlyAccessItem":false,"isOutOfStock":false,"maxVisibleSwatchCount":4,"name":"Taylor Farms Turkey \u0026 Cheddar Snack Pack, 6 oz","groupMetaData":null,"itemType":null,"pac":null,"offerId":"453698B29219400688856B327BB1D6C7","sellerId":"F55CDC31AB754BB68FE0B39041159D63","showSubscribe":false,"sellerName":null,"salesUnitType":"EACH","weightIncrement":1,"hasSellerBadge":null,"preOrder":{"streetDate":null,"streetDateDisplayable":null,"streetDateType":null,"isPreOrder":false,"preOrderMessage":null,"preOrderStreetDateMessage":null},"price":2.97,"priceInfo":{"linePrice":"$2.97","priceDisplayCondition":null,"unitPrice":"49.5 ¢/oz","priceRangeString":"","subscriptionString":"","linePriceDisplay":"$2.97","eaPricingPreText":""},"usItemId":"692158171","variantList":[],"isVariantTypeSwatch":false,"type":"REGULAR","rating":{"averageRating":2.7,"numberOfReviews":117},"sponsoredProduct":null,"isSponsoredFlag":false,"brand":"Taylor Farms","canonicalUrl":"/ip/Taylor-Farms-Turkey-Cheddar-Snack-Pack-6-oz/692158171?athcpid=692158171\u0026athpgid=AthenaContentPage_5306523\u0026athcgid=null\u0026athznid=ItemCarousel_d5119a91-5cfc-4da8-b991-f13f9adf1aa9_items\u0026athieid=v0\u0026athstid=CS020\u0026athguid=RlEjjy3vFDoOKlTIw3pddki_Ijj7yfueE6BV\u0026athancid=null\u0026athena=true\u0026athbdg=L1600"}]}},"publishedDate":1691388801125,"moduleId":"d5119a91-5cfc-4da8-b991-f13f9adf1aa9","module_id":"d5119a91-5cfc-4da8-b991-f13f9adf1aa9","matchedTrigger":{"pageType":"ContentPage","pageId":"5306523","zone":"contentZone5","inheritable":false}},{"name":"Item Carousel FY23 Q4 Produce Healthy Living Go Mediterranean","type":"ItemCarousel","version":4,"status":"published","schedule":{"start":null,"end":null,"priority":1,"expEnabled":false},"triggers":[{"pageType":"ContentPage","pageId":"5306523","zone":"contentZone12","inheritable":false}],"configs":{"__typename":"TempoWM_GLASSWWWItemCarouselConfigsV1","type":null,"title":"Go Mediterranean","subTitle":null,"viewAllLink":null,"spBeaconInfo":null,"tileOptions":null,"productsConfig":{"products":[{"canAddToCart":true,"showOptions":false,"badge":{"id":"L1600","text":"Best seller","key":"BESTSELLER","type":"LABEL","rank":1,"styleId":null},"badgeGroups":[],"badges":{"flags":[{"key":"BESTSELLER","text":"Best seller","type":"LABEL","id":"L1600","rank":1,"styleId":null}],"labels":[],"tags":[{"key":"PICKUP","text":"Pickup","id":"L1001","rank":null},{"key":"DELIVERY","text":"Delivery","id":"L1002","rank":null}],"groups":[]},"earlyAccessEvent":false,"eventAttributes":{"specialBuy":false,"priceFlip":false},"flag":"Best seller","classType":"REGULAR","fulfillmentBadges":["Pickup","Delivery"],"fulfillmentSpeed":null,"fulfillmentType":"STORE","id":"44390955","image":"https://i5.walmartimages.com/asr/1397cd52-8636-48d7-90a7-3c15d4c3967c.7544db07683e1eed49dbd813de13e291.jpeg","isEarlyAccessItem":false,"isOutOfStock":false,"maxVisibleSwatchCount":4,"name":"Fresh Tomato on the Vine, Bag (1.9 lbs/Bag Est.)","groupMetaData":null,"itemType":null,"pac":null,"offerId":"A481672090704D3182E0B175064FFDE1","sellerId":"F55CDC31AB754BB68FE0B39041159D63","showSubscribe":false,"sellerName":null,"salesUnitType":"EACH_WEIGHT","weightIncrement":1,"hasSellerBadge":null,"preOrder":{"streetDate":null,"streetDateDisplayable":null,"streetDateType":null,"isPreOrder":false,"preOrderMessage":null,"preOrderStreetDateMessage":null},"price":3.76,"priceInfo":{"linePrice":"$3.76","priceDisplayCondition":"each","unitPrice":"$1.98/oz","priceRangeString":"","subscriptionString":"","linePriceDisplay":"$3.76","eaPricingPreText":""},"usItemId":"44390955","variantList":[],"isVariantTypeSwatch":false,"type":"REGULAR","rating":{"averageRating":1.7,"numberOfReviews":4400},"sponsoredProduct":null,"isSponsoredFlag":false,"brand":"Fresh Produce","canonicalUrl":"/ip/Fresh-Tomato-on-the-Vine-Bag-1-9-lbs-Bag-Est/44390955?athcpid=44390955\u0026athpgid=AthenaContentPage_5306523\u0026athcgid=null\u0026athznid=ItemCarousel_3a9ac1b8-ade8-4111-8a9e-135dc476d189_items\u0026athieid=v0\u0026athstid=CS020\u0026athguid=RlEjjy3vFDoOKlTIw3pddki_Ijj7yfueE6BV\u0026athancid=null\u0026athena=true\u0026athbdg=L1600"},{"canAddToCart":true,"showOptions":false,"badge":null,"badgeGroups":[],"badges":{"flags":null,"labels":[],"tags":[{"key":"PICKUP","text":"Pickup","id":"L1001","rank":null},{"key":"DELIVERY","text":"Delivery","id":"L1002","rank":null}],"groups":[]},"earlyAccessEvent":false,"eventAttributes":{"specialBuy":false,"priceFlip":false},"flag":"","classType":"REGULAR","fulfillmentBadges":["Pickup","Delivery"],"fulfillmentSpeed":null,"fulfillmentType":"STORE","id":"998269547","image":"https://i5.walmartimages.com/asr/9132889a-e430-47ff-b419-28ebf39a6ab4.fe8153253b26873a2deb9defbab4ab3c.jpeg","isEarlyAccessItem":false,"isOutOfStock":false,"maxVisibleSwatchCount":4,"name":"Marketside Organic Baby Arugula Salad, 5 oz Clam Shell, Fresh","groupMetaData":null,"itemType":null,"pac":null,"offerId":"2E7049E920F84A5D97A7AFCA7970C129","sellerId":"F55CDC31AB754BB68FE0B39041159D63","showSubscribe":false,"sellerName":null,"salesUnitType":"EACH","weightIncrement":1,"hasSellerBadge":null,"preOrder":{"streetDate":null,"streetDateDisplayable":null,"streetDateType":null,"isPreOrder":false,"preOrderMessage":null,"preOrderStreetDateMessage":null},"price":2.98,"priceInfo":{"linePrice":"$2.98","priceDisplayCondition":null,"unitPrice":"59.6 ¢/ounces","priceRangeString":"","subscriptionString":"","linePriceDisplay":"$2.98","eaPricingPreText":""},"usItemId":"998269547","variantList":[],"isVariantTypeSwatch":false,"type":"REGULAR","rating":{"averageRating":0,"numberOfReviews":0},"sponsoredProduct":null,"isSponsoredFlag":false,"brand":"Marketside","canonicalUrl":"/ip/Marketside-Organic-Baby-Arugula-Salad-5-oz-Clam-Shell-Fresh/998269547?athcpid=998269547\u0026athpgid=AthenaContentPage_5306523\u0026athcgid=null\u0026athznid=ItemCarousel_3a9ac1b8-ade8-4111-8a9e-135dc476d189_items\u0026athieid=v0\u0026athstid=CS020\u0026athguid=RlEjjy3vFDoOKlTIw3pddki_Ijj7yfueE6BV\u0026athancid=null\u0026athena=true"},{"canAddToCart":true,"showOptions":false,"badge":{"id":"L1600","text":"Best seller","key":"BESTSELLER","type":"LABEL","rank":1,"styleId":null},"badgeGroups":[],"badges":{"flags":[{"key":"BESTSELLER","text":"Best seller","type":"LABEL","id":"L1600","rank":1,"styleId":null}],"labels":[],"tags":[{"key":"PICKUP","text":"Pickup","id":"L1001","rank":null},{"key":"DELIVERY","text":"Delivery","id":"L1002","rank":null}],"groups":[]},"earlyAccessEvent":false,"eventAttributes":{"specialBuy":false,"priceFlip":false},"flag":"Best seller","classType":"REGULAR","fulfillmentBadges":["Pickup","Delivery"],"fulfillmentSpeed":null,"fulfillmentType":"STORE","id":"44390944","image":"https://i5.walmartimages.com/asr/8769d65a-5697-4d90-ae1f-8ba90a60b867.ab382f49617c7943d68ed2f96431d6c6.jpeg","isEarlyAccessItem":false,"isOutOfStock":false,"maxVisibleSwatchCount":4,"name":"Fresh Roma Tomato, Each","groupMetaData":null,"itemType":null,"pac":null,"offerId":"B515E225E75F403BB2103FF5D1838092","sellerId":"F55CDC31AB754BB68FE0B39041159D63","showSubscribe":false,"sellerName":null,"salesUnitType":"EACH_WEIGHT","weightIncrement":1,"hasSellerBadge":null,"preOrder":{"streetDate":null,"streetDateDisplayable":null,"streetDateType":null,"isPreOrder":false,"preOrderMessage":null,"preOrderStreetDateMessage":null},"price":0.29,"priceInfo":{"linePrice":"$0.29","priceDisplayCondition":"each","unitPrice":"98.0 ¢/lb","wasPrice":"$0.38","priceRangeString":"","subscriptionString":"","savings":"SAVE $0.09","linePriceDisplay":"Now $0.29","eaPricingPreText":""},"usItemId":"44390944","variantList":[],"isVariantTypeSwatch":false,"type":"REGULAR","rating":{"averageRating":2.1,"numberOfReviews":3222},"sponsoredProduct":null,"isSponsoredFlag":false,"brand":"Fresh Produce","canonicalUrl":"/ip/Fresh-Roma-Tomato-Each/44390944?athcpid=44390944\u0026athpgid=AthenaContentPage_5306523\u0026athcgid=null\u0026athznid=ItemCarousel_3a9ac1b8-ade8-4111-8a9e-135dc476d189_items\u0026athieid=v0\u0026athstid=CS020\u0026athguid=RlEjjy3vFDoOKlTIw3pddki_Ijj7yfueE6BV\u0026athancid=null\u0026athena=true\u0026athbdg=L1600"},{"canAddToCart":true,"showOptions":false,"badge":{"id":"L1600","text":"Best seller","key":"BESTSELLER","type":"LABEL","rank":1,"styleId":null},"badgeGroups":[],"badges":{"flags":[{"key":"BESTSELLER","text":"Best seller","type":"LABEL","id":"L1600","rank":1,"styleId":null}],"labels":[],"tags":[{"key":"PICKUP","text":"Pickup","id":"L1001","rank":null},{"key":"DELIVERY","text":"Delivery","id":"L1002","rank":null}],"groups":[]},"earlyAccessEvent":false,"eventAttributes":{"specialBuy":false,"priceFlip":false},"flag":"Best seller","classType":"REGULAR","fulfillmentBadges":["Pickup","Delivery"],"fulfillmentSpeed":null,"fulfillmentType":"STORE","id":"128642379","image":"https://i5.walmartimages.com/asr/865d016d-bafa-46cb-b922-b7a8857765ef.eaf0035332794f286cbde28ba2d5de81.jpeg","isEarlyAccessItem":false,"isOutOfStock":false,"maxVisibleSwatchCount":4,"name":"Marketside Gluten-Free Classic Hummus 10 oz, Ready to Eat, Resealable Cup","groupMetaData":null,"itemType":null,"pac":null,"offerId":"E9866CAC46E2405AA30EB12EE4C43789","sellerId":"F55CDC31AB754BB68FE0B39041159D63","showSubscribe":false,"sellerName":null,"salesUnitType":"EACH","weightIncrement":1,"hasSellerBadge":null,"preOrder":{"streetDate":null,"streetDateDisplayable":null,"streetDateType":null,"isPreOrder":false,"preOrderMessage":null,"preOrderStreetDateMessage":null},"price":2.87,"priceInfo":{"linePrice":"$2.87","priceDisplayCondition":null,"unitPrice":"28.7 ¢/oz","priceRangeString":"","subscriptionString":"","linePriceDisplay":"$2.87","eaPricingPreText":""},"usItemId":"128642379","variantList":[],"isVariantTypeSwatch":false,"type":"REGULAR","rating":{"averageRating":4,"numberOfReviews":117},"sponsoredProduct":null,"isSponsoredFlag":false,"brand":"Marketside","canonicalUrl":"/ip/Marketside-Gluten-Free-Classic-Hummus-10-oz-Ready-to-Eat-Resealable-Cup/128642379?athcpid=128642379\u0026athpgid=AthenaContentPage_5306523\u0026athcgid=null\u0026athznid=ItemCarousel_3a9ac1b8-ade8-4111-8a9e-135dc476d189_items\u0026athieid=v0\u0026athstid=CS020\u0026athguid=RlEjjy3vFDoOKlTIw3pddki_Ijj7yfueE6BV\u0026athancid=null\u0026athena=true\u0026athbdg=L1600"},{"canAddToCart":true,"showOptions":false,"badge":null,"badgeGroups":[],"badges":{"flags":null,"labels":[],"tags":[{"key":"PICKUP","text":"Pickup","id":"L1001","rank":null},{"key":"DELIVERY","text":"Delivery","id":"L1002","rank":null}],"groups":[]},"earlyAccessEvent":false,"eventAttributes":{"specialBuy":false,"priceFlip":false},"flag":"","classType":"REGULAR","fulfillmentBadges":["Pickup","Delivery"],"fulfillmentSpeed":null,"fulfillmentType":"STORE","id":"182988382","image":"https://i5.walmartimages.com/asr/81d61f7c-8ce8-4a89-81a0-e7100601b5c5.7901d9d38a425e5e91595a99978fe229.png","isEarlyAccessItem":false,"isOutOfStock":false,"maxVisibleSwatchCount":4,"name":"BelGioioso Fresh Mozzarella Snacking Cheese, plastic sealed Specialty Cheese Snack Packs, 10 oz","groupMetaData":null,"itemType":null,"pac":null,"offerId":"40014B4E84A444ACB6160FC0C4BA7A19","sellerId":"F55CDC31AB754BB68FE0B39041159D63","showSubscribe":false,"sellerName":null,"salesUnitType":"EACH","weightIncrement":1,"hasSellerBadge":null,"preOrder":{"streetDate":null,"streetDateDisplayable":null,"streetDateType":null,"isPreOrder":false,"preOrderMessage":null,"preOrderStreetDateMessage":null},"price":6.34,"priceInfo":{"linePrice":"$6.34","priceDisplayCondition":null,"unitPrice":"63.4 ¢/oz","priceRangeString":"","subscriptionString":"","linePriceDisplay":"$6.34","eaPricingPreText":""},"usItemId":"182988382","variantList":[],"isVariantTypeSwatch":false,"type":"REGULAR","rating":{"averageRating":3.8,"numberOfReviews":39},"sponsoredProduct":null,"isSponsoredFlag":false,"brand":"BelGioioso","canonicalUrl":"/ip/BelGioioso-Fresh-Mozzarella-Snacking-Cheese-plastic-sealed-Specialty-Cheese-Snack-Packs-10-oz/182988382?athcpid=182988382\u0026athpgid=AthenaContentPage_5306523\u0026athcgid=null\u0026athznid=ItemCarousel_3a9ac1b8-ade8-4111-8a9e-135dc476d189_items\u0026athieid=v0\u0026athstid=CS020\u0026athguid=RlEjjy3vFDoOKlTIw3pddki_Ijj7yfueE6BV\u0026athancid=null\u0026athena=true"},{"canAddToCart":true,"showOptions":false,"badge":{"id":"L1600","text":"Best seller","key":"BESTSELLER","type":"LABEL","rank":1,"styleId":null},"badgeGroups":[],"badges":{"flags":[{"key":"BESTSELLER","text":"Best seller","type":"LABEL","id":"L1600","rank":1,"styleId":null}],"labels":[],"tags":[{"key":"PICKUP","text":"Pickup","id":"L1001","rank":null},{"key":"DELIVERY","text":"Delivery","id":"L1002","rank":null}],"groups":[]},"earlyAccessEvent":false,"eventAttributes":{"specialBuy":false,"priceFlip":false},"flag":"Best seller","classType":"REGULAR","fulfillmentBadges":["Pickup","Delivery"],"fulfillmentSpeed":null,"fulfillmentType":"STORE","id":"10316039","image":"https://i5.walmartimages.com/asr/6cefa369-f2e9-49d3-82f1-8c205dc62b14.4733fb8c6a31408a544370ee241aee81.jpeg","isEarlyAccessItem":false,"isOutOfStock":false,"maxVisibleSwatchCount":4,"name":"Great Value: 100% Extra Virgin Olive Oil, 25.5 fl oz","groupMetaData":null,"itemType":null,"pac":null,"offerId":"04700307725842C2B345092E28678C35","sellerId":"F55CDC31AB754BB68FE0B39041159D63","showSubscribe":false,"sellerName":null,"salesUnitType":"EACH","weightIncrement":1,"hasSellerBadge":null,"preOrder":{"streetDate":null,"streetDateDisplayable":null,"streetDateType":null,"isPreOrder":false,"preOrderMessage":null,"preOrderStreetDateMessage":null},"price":7.97,"priceInfo":{"linePrice":"$7.97","priceDisplayCondition":null,"unitPrice":"31.3 ¢/fl oz","priceRangeString":"","subscriptionString":"","linePriceDisplay":"$7.97","eaPricingPreText":""},"usItemId":"10316039","variantList":[],"isVariantTypeSwatch":false,"type":"REGULAR","rating":{"averageRating":4.6,"numberOfReviews":507},"sponsoredProduct":null,"isSponsoredFlag":false,"brand":"Great Value","canonicalUrl":"/ip/Great-Value-100-Extra-Virgin-Olive-Oil-25-5-fl-oz/10316039?athcpid=10316039\u0026athpgid=AthenaContentPage_5306523\u0026athcgid=null\u0026athznid=ItemCarousel_3a9ac1b8-ade8-4111-8a9e-135dc476d189_items\u0026athieid=v0\u0026athstid=CS020\u0026athguid=RlEjjy3vFDoOKlTIw3pddki_Ijj7yfueE6BV\u0026athancid=null\u0026athena=true\u0026athbdg=L1600"},{"canAddToCart":true,"showOptions":false,"badge":{"id":"L1600","text":"Best seller","key":"BESTSELLER","type":"LABEL","rank":1,"styleId":null},"badgeGroups":[],"badges":{"flags":[{"key":"BESTSELLER","text":"Best seller","type":"LABEL","id":"L1600","rank":1,"styleId":null}],"labels":[],"tags":[{"key":"PICKUP","text":"Pickup","id":"L1001","rank":null},{"key":"DELIVERY","text":"Delivery","id":"L1002","rank":null}],"groups":[]},"earlyAccessEvent":false,"eventAttributes":{"specialBuy":false,"priceFlip":false},"flag":"Best seller","classType":"REGULAR","fulfillmentBadges":["Pickup","Delivery"],"fulfillmentSpeed":null,"fulfillmentType":"STORE","id":"586083289","image":"https://i5.walmartimages.com/asr/e03caaae-515f-49f5-a933-be14bb493dd1.055e61887d4b2a85b9374ed8fa559a77.jpeg","isEarlyAccessItem":false,"isOutOfStock":false,"maxVisibleSwatchCount":4,"name":"Fresh Sliced Baby Bella Mushrooms, 8 oz","groupMetaData":null,"itemType":null,"pac":null,"offerId":"E22E2037D5C94E0F9C77E7F42999F439","sellerId":"F55CDC31AB754BB68FE0B39041159D63","showSubscribe":false,"sellerName":null,"salesUnitType":"EACH","weightIncrement":1,"hasSellerBadge":null,"preOrder":{"streetDate":null,"streetDateDisplayable":null,"streetDateType":null,"isPreOrder":false,"preOrderMessage":null,"preOrderStreetDateMessage":null},"price":2.28,"priceInfo":{"linePrice":"$2.28","priceDisplayCondition":null,"unitPrice":"28.5 ¢/oz","priceRangeString":"","subscriptionString":"","linePriceDisplay":"$2.28","eaPricingPreText":""},"usItemId":"586083289","variantList":[],"isVariantTypeSwatch":false,"type":"REGULAR","rating":{"averageRating":1.5,"numberOfReviews":304},"sponsoredProduct":null,"isSponsoredFlag":false,"brand":"Monterey","canonicalUrl":"/ip/Fresh-Sliced-Baby-Bella-Mushrooms-8-oz/586083289?athcpid=586083289\u0026athpgid=AthenaContentPage_5306523\u0026athcgid=null\u0026athznid=ItemCarousel_3a9ac1b8-ade8-4111-8a9e-135dc476d189_items\u0026athieid=v0\u0026athstid=CS020\u0026athguid=RlEjjy3vFDoOKlTIw3pddki_Ijj7yfueE6BV\u0026athancid=null\u0026athena=true\u0026athbdg=L1600"},{"canAddToCart":true,"showOptions":false,"badge":{"id":"L1600","text":"Best seller","key":"BESTSELLER","type":"LABEL","rank":1,"styleId":null},"badgeGroups":[],"badges":{"flags":[{"key":"BESTSELLER","text":"Best seller","type":"LABEL","id":"L1600","rank":1,"styleId":null}],"labels":[],"tags":[{"key":"PICKUP","text":"Pickup","id":"L1001","rank":null},{"key":"DELIVERY","text":"Delivery","id":"L1002","rank":null},{"key":"THREE_PLUS_DAY_SHIPPING","text":"3+ day shipping","id":"L1005","rank":null}],"groups":[]},"earlyAccessEvent":false,"eventAttributes":{"specialBuy":false,"priceFlip":false},"flag":"Best seller","classType":"REGULAR","fulfillmentBadges":["Pickup","Delivery","3+ day shipping"],"fulfillmentSpeed":null,"fulfillmentType":"STORE","id":"10292273","image":"https://i5.walmartimages.com/asr/7e3ffccd-17ca-4ace-b1fd-8dfef8690caf.893109b2a421fc2871b5d04da48df674.jpeg","isEarlyAccessItem":false,"isOutOfStock":false,"maxVisibleSwatchCount":4,"name":"Bertolli Extra Virgin Olive Oil, 16.9 fl oz","groupMetaData":null,"itemType":null,"pac":null,"unsheduled_Delivery_SLA":null,"offerId":"B0CAE9A754B74CBDA9C09F75877035E7","sellerId":"F55CDC31AB754BB68FE0B39041159D63","showSubscribe":false,"sellerName":null,"salesUnitType":"EACH","weightIncrement":1,"hasSellerBadge":null,"preOrder":{"streetDate":null,"streetDateDisplayable":null,"streetDateType":null,"isPreOrder":false,"preOrderMessage":null,"preOrderStreetDateMessage":null},"price":7.98,"priceInfo":{"linePrice":"$7.98","priceDisplayCondition":null,"unitPrice":"47.2 ¢/fl oz","priceRangeString":"","subscriptionString":"","linePriceDisplay":"$7.98","eaPricingPreText":""},"usItemId":"10292273","variantList":[],"isVariantTypeSwatch":false,"type":"REGULAR","rating":{"averageRating":4.8,"numberOfReviews":811},"sponsoredProduct":null,"isSponsoredFlag":false,"brand":"Bertolli","canonicalUrl":"/ip/Bertolli-Extra-Virgin-Olive-Oil-16-9-fl-oz/10292273?athcpid=10292273\u0026athpgid=AthenaContentPage_5306523\u0026athcgid=null\u0026athznid=ItemCarousel_3a9ac1b8-ade8-4111-8a9e-135dc476d189_items\u0026athieid=v0\u0026athstid=CS020\u0026athguid=RlEjjy3vFDoOKlTIw3pddki_Ijj7yfueE6BV\u0026athancid=null\u0026athena=true\u0026athbdg=L1600"},{"canAddToCart":true,"showOptions":false,"badge":{"id":"L1600","text":"Best seller","key":"BESTSELLER","type":"LABEL","rank":1,"styleId":null},"badgeGroups":[],"badges":{"flags":[{"key":"BESTSELLER","text":"Best seller","type":"LABEL","id":"L1600","rank":1,"styleId":null}],"labels":[],"tags":[{"key":"PICKUP","text":"Pickup","id":"L1001","rank":null},{"key":"DELIVERY","text":"Delivery","id":"L1002","rank":null}],"groups":[]},"earlyAccessEvent":false,"eventAttributes":{"specialBuy":false,"priceFlip":false},"flag":"Best seller","classType":"REGULAR","fulfillmentBadges":["Pickup","Delivery"],"fulfillmentSpeed":null,"fulfillmentType":"STORE","id":"44391167","image":"https://i5.walmartimages.com/asr/7aef0185-b42c-4b90-aaaf-48eefc101ba2.985ed9881b0a6d0cb308dc5d923c3433.jpeg","isEarlyAccessItem":false,"isOutOfStock":false,"maxVisibleSwatchCount":4,"name":"Fresh Curly Parsley Bunch, Each","groupMetaData":null,"itemType":null,"pac":null,"offerId":"674F98840CC24204B6B7F7D3ACA645FC","sellerId":"F55CDC31AB754BB68FE0B39041159D63","showSubscribe":false,"sellerName":null,"salesUnitType":"EACH","weightIncrement":1,"hasSellerBadge":null,"preOrder":{"streetDate":null,"streetDateDisplayable":null,"streetDateType":null,"isPreOrder":false,"preOrderMessage":null,"preOrderStreetDateMessage":null},"price":0.98,"priceInfo":{"linePrice":"$0.98","priceDisplayCondition":null,"priceRangeString":"","subscriptionString":"","linePriceDisplay":"$0.98","eaPricingPreText":""},"usItemId":"44391167","variantList":[],"isVariantTypeSwatch":false,"type":"REGULAR","rating":{"averageRating":1.7,"numberOfReviews":199},"sponsoredProduct":null,"isSponsoredFlag":false,"brand":"Fresh Produce","canonicalUrl":"/ip/Fresh-Curly-Parsley-Bunch-Each/44391167?athcpid=44391167\u0026athpgid=AthenaContentPage_5306523\u0026athcgid=null\u0026athznid=ItemCarousel_3a9ac1b8-ade8-4111-8a9e-135dc476d189_items\u0026athieid=v0\u0026athstid=CS020\u0026athguid=RlEjjy3vFDoOKlTIw3pddki_Ijj7yfueE6BV\u0026athancid=null\u0026athena=true\u0026athbdg=L1600"},{"canAddToCart":true,"showOptions":false,"badge":{"id":"L1600","text":"Best seller","key":"BESTSELLER","type":"LABEL","rank":1,"styleId":null},"badgeGroups":[],"badges":{"flags":[{"key":"BESTSELLER","text":"Best seller","type":"LABEL","id":"L1600","rank":1,"styleId":null}],"labels":[],"tags":[{"key":"PICKUP","text":"Pickup","id":"L1001","rank":null},{"key":"DELIVERY","text":"Delivery","id":"L1002","rank":null}],"groups":[]},"earlyAccessEvent":false,"eventAttributes":{"specialBuy":false,"priceFlip":false},"flag":"Best seller","classType":"REGULAR","fulfillmentBadges":["Pickup","Delivery"],"fulfillmentSpeed":null,"fulfillmentType":"STORE","id":"44391168","image":"https://i5.walmartimages.com/asr/b1d1dc1a-80e9-4aeb-a9be-9be1beab755b.a34fe5748c746fe1815dfd5c9a624039.jpeg","isEarlyAccessItem":false,"isOutOfStock":false,"maxVisibleSwatchCount":4,"name":"Fresh Italian Parsley Bunch, Each","groupMetaData":null,"itemType":null,"pac":null,"offerId":"BC3DE7AC44764F2C921CB8007B351D8D","sellerId":"F55CDC31AB754BB68FE0B39041159D63","showSubscribe":false,"sellerName":null,"salesUnitType":"EACH","weightIncrement":1,"hasSellerBadge":null,"preOrder":{"streetDate":null,"streetDateDisplayable":null,"streetDateType":null,"isPreOrder":false,"preOrderMessage":null,"preOrderStreetDateMessage":null},"price":0.98,"priceInfo":{"linePrice":"$0.98","priceDisplayCondition":null,"priceRangeString":"","subscriptionString":"","linePriceDisplay":"$0.98","eaPricingPreText":""},"usItemId":"44391168","variantList":[],"isVariantTypeSwatch":false,"type":"REGULAR","rating":{"averageRating":2.3,"numberOfReviews":371},"sponsoredProduct":null,"isSponsoredFlag":false,"brand":"Fresh Produce","canonicalUrl":"/ip/Fresh-Italian-Parsley-Bunch-Each/44391168?athcpid=44391168\u0026athpgid=AthenaContentPage_5306523\u0026athcgid=null\u0026athznid=ItemCarousel_3a9ac1b8-ade8-4111-8a9e-135dc476d189_items\u0026athieid=v0\u0026athstid=CS020\u0026athguid=RlEjjy3vFDoOKlTIw3pddki_Ijj7yfueE6BV\u0026athancid=null\u0026athena=true\u0026athbdg=L1600"},{"canAddToCart":true,"showOptions":false,"badge":null,"badgeGroups":[],"badges":{"flags":null,"labels":[],"tags":[{"key":"PICKUP","text":"Pickup","id":"L1001","rank":null},{"key":"DELIVERY","text":"Delivery","id":"L1002","rank":null}],"groups":[]},"earlyAccessEvent":false,"eventAttributes":{"specialBuy":false,"priceFlip":false},"flag":"","classType":"REGULAR","fulfillmentBadges":["Pickup","Delivery"],"fulfillmentSpeed":null,"fulfillmentType":"STORE","id":"871158621","image":"https://i5.walmartimages.com/asr/dbad6791-946f-402d-a9ec-c597458e5a85.1a3a65893af98fb05dda969391612bd3.jpeg","isEarlyAccessItem":false,"isOutOfStock":false,"maxVisibleSwatchCount":4,"name":"Great Value Pitted Kalamata Greek Olives, 6.35oz Jar","groupMetaData":null,"itemType":null,"pac":null,"offerId":"7C653EAAA2304ED4BF7E67A110BAA43B","sellerId":"F55CDC31AB754BB68FE0B39041159D63","showSubscribe":false,"sellerName":null,"salesUnitType":"EACH","weightIncrement":1,"hasSellerBadge":null,"preOrder":{"streetDate":null,"streetDateDisplayable":null,"streetDateType":null,"isPreOrder":false,"preOrderMessage":null,"preOrderStreetDateMessage":null},"price":3.34,"priceInfo":{"linePrice":"$3.34","priceDisplayCondition":null,"unitPrice":"52.6 ¢/oz","priceRangeString":"","subscriptionString":"","linePriceDisplay":"$3.34","eaPricingPreText":""},"usItemId":"871158621","variantList":[],"isVariantTypeSwatch":false,"type":"REGULAR","rating":{"averageRating":3.8,"numberOfReviews":41},"sponsoredProduct":null,"isSponsoredFlag":false,"brand":"Great Value","canonicalUrl":"/ip/Great-Value-Pitted-Kalamata-Greek-Olives-6-35oz-Jar/871158621?athcpid=871158621\u0026athpgid=AthenaContentPage_5306523\u0026athcgid=null\u0026athznid=ItemCarousel_3a9ac1b8-ade8-4111-8a9e-135dc476d189_items\u0026athieid=v0\u0026athstid=CS020\u0026athguid=RlEjjy3vFDoOKlTIw3pddki_Ijj7yfueE6BV\u0026athancid=null\u0026athena=true"},{"canAddToCart":true,"showOptions":false,"badge":{"id":"L1600","text":"Best seller","key":"BESTSELLER","type":"LABEL","rank":1,"styleId":null},"badgeGroups":[],"badges":{"flags":[{"key":"BESTSELLER","text":"Best seller","type":"LABEL","id":"L1600","rank":1,"styleId":null}],"labels":[],"tags":[{"key":"PICKUP","text":"Pickup","id":"L1001","rank":null},{"key":"DELIVERY","text":"Delivery","id":"L1002","rank":null}],"groups":[]},"earlyAccessEvent":false,"eventAttributes":{"specialBuy":false,"priceFlip":false},"flag":"Best seller","classType":"REGULAR","fulfillmentBadges":["Pickup","Delivery"],"fulfillmentSpeed":null,"fulfillmentType":"STORE","id":"46400590","image":"https://i5.walmartimages.com/asr/965730d8-7afa-40f8-a17f-f22c34ae6bb8.8c44230e0a6e1800348732565f7b49cc.jpeg","isEarlyAccessItem":false,"isOutOfStock":false,"maxVisibleSwatchCount":4,"name":"Athenos Traditional Crumbled Feta Cheese 6 oz","groupMetaData":null,"itemType":null,"pac":null,"offerId":"17F01325D0B14E069A5402651742403A","sellerId":"F55CDC31AB754BB68FE0B39041159D63","showSubscribe":false,"sellerName":null,"salesUnitType":"EACH","weightIncrement":1,"hasSellerBadge":null,"preOrder":{"streetDate":null,"streetDateDisplayable":null,"streetDateType":null,"isPreOrder":false,"preOrderMessage":null,"preOrderStreetDateMessage":null},"price":3.76,"priceInfo":{"linePrice":"$3.76","priceDisplayCondition":null,"unitPrice":"62.7 ¢/oz","priceRangeString":"","subscriptionString":"","linePriceDisplay":"$3.76","eaPricingPreText":""},"usItemId":"46400590","variantList":[],"isVariantTypeSwatch":false,"type":"REGULAR","rating":{"averageRating":4.5,"numberOfReviews":231},"sponsoredProduct":null,"isSponsoredFlag":false,"brand":"Athenos","canonicalUrl":"/ip/Athenos-Traditional-Crumbled-Feta-Cheese-6-oz/46400590?athcpid=46400590\u0026athpgid=AthenaContentPage_5306523\u0026athcgid=null\u0026athznid=ItemCarousel_3a9ac1b8-ade8-4111-8a9e-135dc476d189_items\u0026athieid=v0\u0026athstid=CS020\u0026athguid=RlEjjy3vFDoOKlTIw3pddki_Ijj7yfueE6BV\u0026athancid=null\u0026athena=true\u0026athbdg=L1600"},{"canAddToCart":true,"showOptions":false,"badge":null,"badgeGroups":[],"badges":{"flags":null,"labels":[],"tags":[{"key":"PICKUP","text":"Pickup","id":"L1001","rank":null},{"key":"DELIVERY","text":"Delivery","id":"L1002","rank":null}],"groups":[]},"earlyAccessEvent":false,"eventAttributes":{"specialBuy":false,"priceFlip":false},"flag":"","classType":"REGULAR","fulfillmentBadges":["Pickup","Delivery"],"fulfillmentSpeed":null,"fulfillmentType":"STORE","id":"51259302","image":"https://i5.walmartimages.com/asr/963a2841-33e9-4f14-9447-97a386e98b57.8e1796f357fdc621a34080ea9587a3eb.jpeg","isEarlyAccessItem":false,"isOutOfStock":false,"maxVisibleSwatchCount":4,"name":"Fresh Artichoke, Each","groupMetaData":null,"itemType":null,"pac":null,"offerId":"C0AD8FFF998D48F58A1B90CCDB57E7ED","sellerId":"F55CDC31AB754BB68FE0B39041159D63","showSubscribe":false,"sellerName":null,"salesUnitType":"EACH","weightIncrement":1,"hasSellerBadge":null,"preOrder":{"streetDate":null,"streetDateDisplayable":null,"streetDateType":null,"isPreOrder":false,"preOrderMessage":null,"preOrderStreetDateMessage":null},"price":2.74,"priceInfo":{"linePrice":"$2.74","priceDisplayCondition":null,"priceRangeString":"","subscriptionString":"","linePriceDisplay":"$2.74","eaPricingPreText":""},"usItemId":"51259302","variantList":[],"isVariantTypeSwatch":false,"type":"REGULAR","rating":{"averageRating":2.3,"numberOfReviews":103},"sponsoredProduct":null,"isSponsoredFlag":false,"brand":"Fresh Produce","canonicalUrl":"/ip/Fresh-Artichoke-Each/51259302?athcpid=51259302\u0026athpgid=AthenaContentPage_5306523\u0026athcgid=null\u0026athznid=ItemCarousel_3a9ac1b8-ade8-4111-8a9e-135dc476d189_items\u0026athieid=v0\u0026athstid=CS020\u0026athguid=RlEjjy3vFDoOKlTIw3pddki_Ijj7yfueE6BV\u0026athancid=null\u0026athena=true"}]}},"publishedDate":1691388801493,"moduleId":"3a9ac1b8-ade8-4111-8a9e-135dc476d189","module_id":"3a9ac1b8-ade8-4111-8a9e-135dc476d189","matchedTrigger":{"pageType":"ContentPage","pageId":"5306523","zone":"contentZone12","inheritable":false}},{"name":"Kids approved snacks","type":"ItemCarousel","version":6,"status":"published","schedule":{"start":null,"end":null,"priority":2,"expEnabled":false},"triggers":[{"pageType":"ContentPage","pageId":"5306523","zone":"contentZone6","inheritable":false}],"configs":{"__typename":"TempoWM_GLASSWWWItemCarouselConfigsV1","type":null,"title":"Healthy fuel for kids","subTitle":null,"viewAllLink":{"linkText":"View all ","title":"View all ","clickThrough":{"type":"url","value":"/browse/kid-approved-snacks/0/0?_refineresult=true\u0026_be_shelf_id=5716497\u0026search_sort=100\u0026facet=shelf_id%3A5716497"}},"spBeaconInfo":null,"tileOptions":null,"productsConfig":{"products":[{"canAddToCart":true,"showOptions":false,"badge":{"id":"L1600","text":"Best seller","key":"BESTSELLER","type":"LABEL","rank":1,"styleId":null},"badgeGroups":[],"badges":{"flags":[{"key":"BESTSELLER","text":"Best seller","type":"LABEL","id":"L1600","rank":1,"styleId":null}],"labels":[],"tags":[{"key":"PICKUP","text":"Pickup","id":"L1001","rank":null},{"key":"DELIVERY","text":"Delivery","id":"L1002","rank":null}],"groups":[]},"earlyAccessEvent":false,"eventAttributes":{"specialBuy":false,"priceFlip":false},"flag":"Best seller","classType":"REGULAR","fulfillmentBadges":["Pickup","Delivery"],"fulfillmentSpeed":null,"fulfillmentType":"STORE","id":"44390958","image":"https://i5.walmartimages.com/asr/eebbaadc-2ca6-4e25-a2c0-c189d4871fea.bcbe9a9c422a1443b7037548bb2c54c3.jpeg","isEarlyAccessItem":false,"isOutOfStock":false,"maxVisibleSwatchCount":4,"name":"Fresh Gala Apples, 3 lb Bag","groupMetaData":null,"itemType":null,"pac":null,"offerId":"56CFAE25F3F3456DB82EE185354A6956","sellerId":"F55CDC31AB754BB68FE0B39041159D63","showSubscribe":false,"sellerName":null,"salesUnitType":"EACH","weightIncrement":1,"hasSellerBadge":null,"preOrder":{"streetDate":null,"streetDateDisplayable":null,"streetDateType":null,"isPreOrder":false,"preOrderMessage":null,"preOrderStreetDateMessage":null},"price":3.46,"priceInfo":{"linePrice":"$3.46","priceDisplayCondition":null,"unitPrice":"$1.15/lb","wasPrice":"$4.48","priceRangeString":"","subscriptionString":"","savings":"SAVE $1.02","linePriceDisplay":"Now $3.46","eaPricingPreText":""},"usItemId":"44390958","variantList":[],"isVariantTypeSwatch":false,"type":"REGULAR","rating":{"averageRating":2.2,"numberOfReviews":1031},"sponsoredProduct":null,"isSponsoredFlag":false,"brand":"Freshness Guaranteed","canonicalUrl":"/ip/Fresh-Gala-Apples-3-lb-Bag/44390958?athcpid=44390958\u0026athpgid=AthenaContentPage_5306523\u0026athcgid=null\u0026athznid=ItemCarousel_e0b565db-25fa-4434-8ad9-3d294102f972_items\u0026athieid=v0\u0026athstid=CS020\u0026athguid=RlEjjy3vFDoOKlTIw3pddki_Ijj7yfueE6BV\u0026athancid=null\u0026athena=true\u0026athbdg=L1600"},{"canAddToCart":true,"showOptions":false,"badge":{"id":"L1600","text":"Best seller","key":"BESTSELLER","type":"LABEL","rank":1,"styleId":null},"badgeGroups":[],"badges":{"flags":[{"key":"BESTSELLER","text":"Best seller","type":"LABEL","id":"L1600","rank":1,"styleId":null}],"labels":[],"tags":[{"key":"PICKUP","text":"Pickup","id":"L1001","rank":null},{"key":"DELIVERY","text":"Delivery","id":"L1002","rank":null}],"groups":[]},"earlyAccessEvent":false,"eventAttributes":{"specialBuy":false,"priceFlip":false},"flag":"Best seller","classType":"REGULAR","fulfillmentBadges":["Pickup","Delivery"],"fulfillmentSpeed":null,"fulfillmentType":"STORE","id":"51259338","image":"https://i5.walmartimages.com/asr/4b15d1c6-03e7-489b-96cb-7d4b1edeb927.042464e5bc52fa0421f255d04ec525a4.jpeg","isEarlyAccessItem":false,"isOutOfStock":false,"maxVisibleSwatchCount":4,"name":"Marketside Fresh Organic Bananas, Bunch","groupMetaData":null,"itemType":null,"pac":null,"offerId":"AA32C389983144348E9910234693E01C","sellerId":"F55CDC31AB754BB68FE0B39041159D63","showSubscribe":false,"sellerName":null,"salesUnitType":"EACH_WEIGHT","weightIncrement":1,"hasSellerBadge":null,"preOrder":{"streetDate":null,"streetDateDisplayable":null,"streetDateType":null,"isPreOrder":false,"preOrderMessage":null,"preOrderStreetDateMessage":null},"price":1.88,"priceInfo":{"linePrice":"$1.88","priceDisplayCondition":"each","unitPrice":"67.0 ¢/lb","priceRangeString":"","subscriptionString":"","linePriceDisplay":"$1.88","eaPricingPreText":""},"usItemId":"51259338","variantList":[],"isVariantTypeSwatch":false,"type":"REGULAR","rating":{"averageRating":0,"numberOfReviews":0},"sponsoredProduct":null,"isSponsoredFlag":false,"brand":"Marketside","canonicalUrl":"/ip/Marketside-Fresh-Organic-Bananas-Bunch/51259338?athcpid=51259338\u0026athpgid=AthenaContentPage_5306523\u0026athcgid=null\u0026athznid=ItemCarousel_e0b565db-25fa-4434-8ad9-3d294102f972_items\u0026athieid=v0\u0026athstid=CS020\u0026athguid=RlEjjy3vFDoOKlTIw3pddki_Ijj7yfueE6BV\u0026athancid=null\u0026athena=true\u0026athbdg=L1600"},{"canAddToCart":true,"showOptions":false,"badge":{"id":"L1600","text":"Best seller","key":"BESTSELLER","type":"LABEL","rank":1,"styleId":null},"badgeGroups":[],"badges":{"flags":[{"key":"BESTSELLER","text":"Best seller","type":"LABEL","id":"L1600","rank":1,"styleId":null}],"labels":[],"tags":[{"key":"PICKUP","text":"Pickup","id":"L1001","rank":null},{"key":"DELIVERY","text":"Delivery","id":"L1002","rank":null}],"groups":[]},"earlyAccessEvent":false,"eventAttributes":{"specialBuy":false,"priceFlip":false},"flag":"Best seller","classType":"REGULAR","fulfillmentBadges":["Pickup","Delivery"],"fulfillmentSpeed":null,"fulfillmentType":"STORE","id":"11025598","image":"https://i5.walmartimages.com/asr/5239bd74-c85d-4d08-b8da-c3bc7ef938c8.52a18c9d52147dd9c6402004a243dddd.jpeg","isEarlyAccessItem":false,"isOutOfStock":false,"maxVisibleSwatchCount":4,"name":"Fresh Clementines, 3 lb Bag","groupMetaData":null,"itemType":null,"pac":null,"offerId":"921BB9EA5D8F450EA812370E99DE0324","sellerId":"F55CDC31AB754BB68FE0B39041159D63","showSubscribe":false,"sellerName":null,"salesUnitType":"EACH","weightIncrement":1,"hasSellerBadge":null,"preOrder":{"streetDate":null,"streetDateDisplayable":null,"streetDateType":null,"isPreOrder":false,"preOrderMessage":null,"preOrderStreetDateMessage":null},"price":3.97,"priceInfo":{"linePrice":"$3.97","priceDisplayCondition":null,"unitPrice":"$1.32/lb","wasPrice":"$4.97","priceRangeString":"","subscriptionString":"","savings":"SAVE $1.00","linePriceDisplay":"Now $3.97","eaPricingPreText":""},"usItemId":"11025598","variantList":[],"isVariantTypeSwatch":false,"type":"REGULAR","rating":{"averageRating":1.6,"numberOfReviews":2307},"sponsoredProduct":null,"isSponsoredFlag":false,"brand":"Fresh Produce","canonicalUrl":"/ip/Fresh-Clementines-3-lb-Bag/11025598?athcpid=11025598\u0026athpgid=AthenaContentPage_5306523\u0026athcgid=null\u0026athznid=ItemCarousel_e0b565db-25fa-4434-8ad9-3d294102f972_items\u0026athieid=v0\u0026athstid=CS020\u0026athguid=RlEjjy3vFDoOKlTIw3pddki_Ijj7yfueE6BV\u0026athancid=null\u0026athena=true\u0026athbdg=L1600"},{"canAddToCart":true,"showOptions":false,"badge":{"id":"L1600","text":"Best seller","key":"BESTSELLER","type":"LABEL","rank":1,"styleId":null},"badgeGroups":[],"badges":{"flags":[{"key":"BESTSELLER","text":"Best seller","type":"LABEL","id":"L1600","rank":1,"styleId":null}],"labels":[],"tags":[{"key":"PICKUP","text":"Pickup","id":"L1001","rank":null},{"key":"DELIVERY","text":"Delivery","id":"L1002","rank":null}],"groups":[]},"earlyAccessEvent":false,"eventAttributes":{"specialBuy":false,"priceFlip":false},"flag":"Best seller","classType":"REGULAR","fulfillmentBadges":["Pickup","Delivery"],"fulfillmentSpeed":null,"fulfillmentType":"STORE","id":"44390943","image":"https://i5.walmartimages.com/asr/9b543e57-d12c-4b2f-af70-cbfc8166dce1.19eafb20170233f7df74f7a6c5ff5530.jpeg","isEarlyAccessItem":false,"isOutOfStock":false,"maxVisibleSwatchCount":4,"name":"Fresh Green Seedless Grapes, Bag (2.25 lbs/bag est.)","groupMetaData":null,"itemType":null,"pac":null,"offerId":"656C30E51C134B088DF635969A462447","sellerId":"F55CDC31AB754BB68FE0B39041159D63","showSubscribe":false,"sellerName":null,"salesUnitType":"EACH_WEIGHT","weightIncrement":1,"hasSellerBadge":null,"preOrder":{"streetDate":null,"streetDateDisplayable":null,"streetDateType":null,"isPreOrder":false,"preOrderMessage":null,"preOrderStreetDateMessage":null},"price":4.91,"priceInfo":{"linePrice":"$4.91","priceDisplayCondition":"each","unitPrice":"$2.18/lb","priceRangeString":"","subscriptionString":"","linePriceDisplay":"$4.91","eaPricingPreText":""},"usItemId":"44390943","variantList":[],"isVariantTypeSwatch":false,"type":"REGULAR","rating":{"averageRating":1.6,"numberOfReviews":3939},"sponsoredProduct":null,"isSponsoredFlag":false,"brand":"Fresh Produce","canonicalUrl":"/ip/Fresh-Green-Seedless-Grapes-Bag-2-25-lbs-bag-est/44390943?athcpid=44390943\u0026athpgid=AthenaContentPage_5306523\u0026athcgid=null\u0026athznid=ItemCarousel_e0b565db-25fa-4434-8ad9-3d294102f972_items\u0026athieid=v0\u0026athstid=CS020\u0026athguid=RlEjjy3vFDoOKlTIw3pddki_Ijj7yfueE6BV\u0026athancid=null\u0026athena=true\u0026athbdg=L1600"},{"canAddToCart":true,"showOptions":false,"badge":{"id":"L1600","text":"Best seller","key":"BESTSELLER","type":"LABEL","rank":1,"styleId":null},"badgeGroups":[],"badges":{"flags":[{"key":"BESTSELLER","text":"Best seller","type":"LABEL","id":"L1600","rank":1,"styleId":null}],"labels":[],"tags":[{"key":"PICKUP","text":"Pickup","id":"L1001","rank":null},{"key":"DELIVERY","text":"Delivery","id":"L1002","rank":null}],"groups":[]},"earlyAccessEvent":false,"eventAttributes":{"specialBuy":false,"priceFlip":false},"flag":"Best seller","classType":"REGULAR","fulfillmentBadges":["Pickup","Delivery"],"fulfillmentSpeed":null,"fulfillmentType":"STORE","id":"44391605","image":"https://i5.walmartimages.com/asr/4e7dab6a-c54b-48f7-9bd2-57f5d211501d_1.3ba50bfdf1c7f082056c0f5022edf182.jpeg","isEarlyAccessItem":false,"isOutOfStock":false,"maxVisibleSwatchCount":4,"name":"Fresh Strawberries, 1 lb Package","groupMetaData":null,"itemType":null,"pac":null,"offerId":"D206FBD3E40F4AB2B6BB2E1F6A10925C","sellerId":"F55CDC31AB754BB68FE0B39041159D63","showSubscribe":false,"sellerName":null,"salesUnitType":"EACH","weightIncrement":1,"hasSellerBadge":null,"preOrder":{"streetDate":null,"streetDateDisplayable":null,"streetDateType":null,"isPreOrder":false,"preOrderMessage":null,"preOrderStreetDateMessage":null},"price":4.12,"priceInfo":{"linePrice":"$4.12","priceDisplayCondition":null,"unitPrice":"25.8 ¢/oz","priceRangeString":"","subscriptionString":"","linePriceDisplay":"$4.12","eaPricingPreText":""},"usItemId":"44391605","variantList":[],"isVariantTypeSwatch":false,"type":"REGULAR","rating":{"averageRating":1.9,"numberOfReviews":9264},"sponsoredProduct":null,"isSponsoredFlag":false,"brand":"Fresh Produce","canonicalUrl":"/ip/Fresh-Strawberries-1-lb-Package/44391605?athcpid=44391605\u0026athpgid=AthenaContentPage_5306523\u0026athcgid=null\u0026athznid=ItemCarousel_e0b565db-25fa-4434-8ad9-3d294102f972_items\u0026athieid=v0\u0026athstid=CS020\u0026athguid=RlEjjy3vFDoOKlTIw3pddki_Ijj7yfueE6BV\u0026athancid=null\u0026athena=true\u0026athbdg=L1600"},{"canAddToCart":true,"showOptions":false,"badge":null,"badgeGroups":[],"badges":{"flags":null,"labels":[],"tags":[{"key":"PICKUP","text":"Pickup","id":"L1001","rank":null},{"key":"DELIVERY","text":"Delivery","id":"L1002","rank":null}],"groups":[]},"earlyAccessEvent":false,"eventAttributes":{"specialBuy":false,"priceFlip":false},"flag":"","classType":"REGULAR","fulfillmentBadges":["Pickup","Delivery"],"fulfillmentSpeed":null,"fulfillmentType":"STORE","id":"52351734","image":"https://i5.walmartimages.com/asr/e5abdac1-853a-4c80-b50b-6e18c7480eeb.39e48de024469adc752796d53a4c9772.jpeg","isEarlyAccessItem":false,"isOutOfStock":false,"maxVisibleSwatchCount":4,"name":"Freshness Guaranteed Peeled Apple Slices, 32 oz","groupMetaData":null,"itemType":null,"pac":null,"offerId":"6F1297E518D244D2AD596B56F9DBFF1F","sellerId":"F55CDC31AB754BB68FE0B39041159D63","showSubscribe":false,"sellerName":null,"salesUnitType":"EACH","weightIncrement":1,"hasSellerBadge":null,"preOrder":{"streetDate":null,"streetDateDisplayable":null,"streetDateType":null,"isPreOrder":false,"preOrderMessage":null,"preOrderStreetDateMessage":null},"price":5.97,"priceInfo":{"linePrice":"$5.97","priceDisplayCondition":null,"unitPrice":"18.7 ¢/oz","priceRangeString":"","subscriptionString":"","linePriceDisplay":"$5.97","eaPricingPreText":""},"usItemId":"52351734","variantList":[],"isVariantTypeSwatch":false,"type":"REGULAR","rating":{"averageRating":1.9,"numberOfReviews":80},"sponsoredProduct":null,"isSponsoredFlag":false,"brand":"Freshness Guaranteed","canonicalUrl":"/ip/Freshness-Guaranteed-Peeled-Apple-Slices-32-oz/52351734?athcpid=52351734\u0026athpgid=AthenaContentPage_5306523\u0026athcgid=null\u0026athznid=ItemCarousel_e0b565db-25fa-4434-8ad9-3d294102f972_items\u0026athieid=v0\u0026athstid=CS020\u0026athguid=RlEjjy3vFDoOKlTIw3pddki_Ijj7yfueE6BV\u0026athancid=null\u0026athena=true"},{"canAddToCart":true,"showOptions":false,"badge":null,"badgeGroups":[],"badges":{"flags":null,"labels":[],"tags":[{"key":"PICKUP","text":"Pickup","id":"L1001","rank":null},{"key":"DELIVERY","text":"Delivery","id":"L1002","rank":null}],"groups":[]},"earlyAccessEvent":false,"eventAttributes":{"specialBuy":false,"priceFlip":false},"flag":"","classType":"REGULAR","fulfillmentBadges":["Pickup","Delivery"],"fulfillmentSpeed":null,"fulfillmentType":"STORE","id":"22211145","image":"https://i5.walmartimages.com/asr/ec7cf8ec-5576-4831-a4cc-72e69f30a765.2b0c51147f84c8e54bd3e65538a259d4.jpeg","isEarlyAccessItem":false,"isOutOfStock":false,"maxVisibleSwatchCount":4,"name":"WHOLLY Guacamole Spicy Minis 6","groupMetaData":null,"itemType":null,"pac":null,"offerId":"A7D16983CAB6469B9251F1FE893A4485","sellerId":"F55CDC31AB754BB68FE0B39041159D63","showSubscribe":false,"sellerName":null,"salesUnitType":"EACH","weightIncrement":1,"hasSellerBadge":null,"preOrder":{"streetDate":null,"streetDateDisplayable":null,"streetDateType":null,"isPreOrder":false,"preOrderMessage":null,"preOrderStreetDateMessage":null},"price":5.43,"priceInfo":{"linePrice":"$5.43","priceDisplayCondition":null,"unitPrice":"45.3 ¢/oz","priceRangeString":"","subscriptionString":"","linePriceDisplay":"$5.43","eaPricingPreText":""},"usItemId":"22211145","variantList":[],"isVariantTypeSwatch":false,"type":"REGULAR","rating":{"averageRating":4.6,"numberOfReviews":461},"sponsoredProduct":null,"isSponsoredFlag":false,"brand":"WHOLLY GUACAMOLE","canonicalUrl":"/ip/WHOLLY-Guacamole-Spicy-Minis-6/22211145?athcpid=22211145\u0026athpgid=AthenaContentPage_5306523\u0026athcgid=null\u0026athznid=ItemCarousel_e0b565db-25fa-4434-8ad9-3d294102f972_items\u0026athieid=v0\u0026athstid=CS020\u0026athguid=RlEjjy3vFDoOKlTIw3pddki_Ijj7yfueE6BV\u0026athancid=null\u0026athena=true"}]}},"publishedDate":1691388801841,"moduleId":"e0b565db-25fa-4434-8ad9-3d294102f972","module_id":"e0b565db-25fa-4434-8ad9-3d294102f972","matchedTrigger":{"pageType":"ContentPage","pageId":"5306523","zone":"contentZone6","inheritable":false}},{"name":"POV Cards FY23 January Recipe Ideas","type":"POVCards","version":3,"status":"published","schedule":{"start":null,"end":null,"priority":1,"expEnabled":false},"triggers":[{"pageType":"ContentPage","pageId":"5306523","zone":"contentZone10","inheritable":false}],"configs":{"__typename":"TempoWM_GLASSWWWPOVCardsConfigsV1","headingText":"Veggie-packed recipes","viewAllLink":null,"imageAspectRatio":"regular","cardsV1":[{"headingText":"Ratatouille","descriptionText":"Prep time: 30 minutes | Cook time: 1 hour","image":{"alt":"Ratatouille","assetId":"e15a5900-5bbb-11ed-8e06-bdb553f63a1c","assetName":"Ratatouille-POV-604x340","src":"https://i5.walmartimages.com/dfw/4ff9c6c9-5802/k2-_1e8bc8e9-d4ed-4677-9fda-992a468ca874.v1.png","width":"604","height":"340"},"link":{"clickThrough":{"value":"https://www.walmart.com/i/recipes/ratatouille/382617?povid=5306523_POV_card_ratatouille"},"linkText":"View and shop recipe"}},{"headingText":"Simple veggie curry","descriptionText":"Prep time: 20 minutes | Cook time: 25 minutes","image":{"alt":"Simple veggie curry","assetId":"13012200-5c6f-11ed-9da9-07358b19a998","assetName":"SimpleVeggieCurry-POV-604x340","src":"https://i5.walmartimages.com/dfw/4ff9c6c9-d435/k2-_e575a323-2caa-456b-b7dc-40c6f156c3bf.v1.png","width":"604","height":"340"},"link":{"clickThrough":{"value":"https://www.walmart.com/i/recipes/simple-veggie-curry/382899?povid=5306523_POV_card_simple-veggie-curry"},"linkText":"View and shop recipe"}}]},"publishedDate":1691388802373,"moduleId":"4c7289f4-4267-4af3-8751-38290da1d621","module_id":"4c7289f4-4267-4af3-8751-38290da1d621","matchedTrigger":{"pageType":"ContentPage","pageId":"5306523","zone":"contentZone10","inheritable":false}},{"name":"POV Cards FY23 Q4 Produce Healthy Living Go tos","type":"POVCards","version":7,"status":"published","schedule":{"start":null,"end":null,"priority":1,"expEnabled":false},"triggers":[{"pageType":"ContentPage","pageId":"5306523","zone":"contentZone13","inheritable":false}],"configs":{"__typename":"TempoWM_GLASSWWWPOVCardsConfigsV1","headingText":"Healthy go-tos","viewAllLink":null,"imageAspectRatio":"regular","cardsV1":[{"headingText":"All about salads","descriptionText":"Keep it fresh with salad kits, bowls, dressings, and more.","image":{"alt":"All about salads. Keep it fresh with salad kits, bowls, dressings, and more. Shop now.","assetId":"dee27dc4-7c1b-43af-8297-02075a3c2606","assetName":"2459991-015-FOOD-PRODUCE-January-FY23-1227-2upPOV-838x470-A.png","src":"https://i5.walmartimages.com/dfw/4ff9c6c9-4e42/k2-_fb500f5f-3e56-4903-a1d2-cab2e3fe5d2b.v1.png","width":"838","height":"470"},"link":{"clickThrough":{"value":"https://www.walmart.com/browse/food/fresh-packaged-salads-dressings-dips/976759_976793_9538337"},"linkText":"Shop now"}},{"headingText":"Vegetables, galore","descriptionText":"Make yummy, vitamin-packed veggies the start of every plate.","image":{"alt":"Vegetables, galore. Make yummy, vitamin-packed veggies the start of every plate. Shop now.","assetId":"7625d9b9-e2ec-4da9-8ffb-ff1578feac07","assetName":"2459991-003-FOOD-PRODUCE-January-FY23-1227-POV-838x470-C.png","src":"https://i5.walmartimages.com/dfw/4ff9c6c9-5ab6/k2-_8235667f-fc61-47e5-8248-19bba2222184.v1.png","width":"838","height":"470"},"link":{"clickThrough":{"value":"https://www.walmart.com/browse/food/fresh-vegetables/976759_976793_8910423"},"linkText":"Shop now"}}]},"publishedDate":1691388802997,"moduleId":"565621b7-8a49-4cf7-8af9-f464b84a3f22","module_id":"565621b7-8a49-4cf7-8af9-f464b84a3f22","matchedTrigger":{"pageType":"ContentPage","pageId":"5306523","zone":"contentZone13","inheritable":false}},{"name":"Produce Skinny banner 8-5","type":"SkinnyBanner","version":5,"status":"published","schedule":{"start":null,"end":null,"priority":1,"expEnabled":false},"triggers":[{"pageType":"ContentPage","pageId":"5306523","zone":"topZone3","inheritable":false}],"configs":{"__typename":"TempoWM_GLASSWWWSkinnyBannerConfigs","bannerType":"POV","desktopBannerHeight":"172px","bannerImage":{"src":"https://i5.walmartimages.com/dfw/4ff9c6c9-58e5/k2-_6e6a1f86-d10d-46fc-ba4e-d4e5ffd22414.v1.jpg","title":"1212897-001-FOOD-Glass-Fresh-Produce-Skinny-Banners-Wk49-SKN-BNR-1232x172-D","alt":"DIY healthy meals and snacks. Get the fresh ingredients you need to eat well. Shop now.","assetId":"c53efee5-50b5-44c4-9bc2-cbaf99b23b0b","assetName":"1212897-001-FOOD-Glass-Fresh-Produce-Skinny-Banners-Wk49-SKN-BNR-1232x172-D.jpg"},"mobileBannerHeight":"100px","mobileImage":{"src":"https://i5.walmartimages.com/dfw/4ff9c6c9-36e3/k2-_b44291ea-25a0-4c43-ae39-01ca8ec61017.v1.jpg","title":"1212897-002-FOOD-Glass-Fresh-Produce-Skinny-Banners-Wk49-SKN-BNR-767x224-M","alt":"DIY healthy meals and snacks. Get the fresh ingredients you need to eat well. Shop now.","assetId":"5186d8bd-5edb-40c5-97bc-354d2194c342","assetName":"1212897-002-FOOD-Glass-Fresh-Produce-Skinny-Banners-Wk49-SKN-BNR-767x224-M.jpg"},"backgroundColor":null,"heading":{"title":"Fresh produce, fresh ideas","fontColor":"#000000"},"subHeading":{"title":"Ingredients for healthy living.","fontColor":"#000000"},"bannerCta":[]},"publishedDate":1691388803786,"moduleId":"b83daf66-6721-4814-85f6-584b67b47fb7","module_id":"b83daf66-6721-4814-85f6-584b67b47fb7","matchedTrigger":{"pageType":"ContentPage","pageId":"5306523","zone":"topZone3","inheritable":false}},{"name":"GenericCopyBlock Module, Tuesday, June 14, 2022, 10:28:26:97 pm","type":"GenericCopyBlock","version":2,"status":"published","schedule":{"start":null,"end":null,"priority":10,"expEnabled":false},"triggers":[{"pageType":"ContentPageGlobal","pageId":"global_evergreen","zone":"bottomZone5","inheritable":false}],"configs":{"__typename":"TempoWM_GLASSWWWGenericCopyBlockConfigs","catCopyBlock":"\u003ch2\u003eWhich are the best cheeses for a charcuterie board?\u003c/h2\u003e\u003cp\u003eHard cheeses like asiago and gouda hold up well in charcuterie arrangements, as do firm cheeses like cheddar and gruyere. Semi-soft cheese slices of muenster and Havarti may start sticking to each other. You can prevent slices sticking together by arranging the slices alternately with harder cheese slices. A soft cheese like brie, goat cheese, or mascarpone is a nice contrast to the firmer cheeses.\u003c/p\u003e\u003ch2\u003eWhat flavors work well for fruit-infused water?\u003c/h2\u003e\u003cp\u003eChoose fruits, herbs, and spices that have strong flavors to produce the most noticeable taste when making fruit-infused water. Fruits like lemons, limes, and cranberries have strong flavors. Experiment with springs of sage, lavender, lemon balm, mint, or rosemary. Use potent spices like ginger, cardamom, cloves, and cinnamon to create interesting flavor profiles.\u003c/p\u003e\u003ch2\u003eWhat produce is best for juicing?\u003c/h2\u003e\u003cp\u003eHigh-yield veggies for juicing include cucumber, zucchini, celery, beet, carrot, sweet potato, Swiss chard, and tomato. For more juice from fruits, choose any type of citrus, melon, or apple. Pears and pineapple are high-yield fruits, too.\u003c/p\u003e"},"publishedDate":1700688907491,"moduleId":"6c35fd37-03b4-4fa8-abd4-d1c4bde13f05","module_id":"6c35fd37-03b4-4fa8-abd4-d1c4bde13f05","matchedTrigger":{"pageType":"ContentPageGlobal","pageId":"global_evergreen","zone":"bottomZone5","inheritable":false}},{"name":"NEW CategoryRelatedShelves Thu Oct 12 2023 10:36 AM PDT","type":"CategoryRelatedShelves","version":4,"status":"published","schedule":{"start":null,"end":null,"priority":10,"expEnabled":false},"triggers":[{"pageType":"ContentPageGlobal","pageId":"global_evergreen","zone":"bottomZone4","inheritable":false}],"configs":{"__typename":"TempoWM_GLASSWWWCategoryRelatedShelves","seoCategoryRelmData":{"relm":[{"id":"1432107","url":"/browse/health-medicine/fresh-packaged-produce/976760_2915579_3096694_1432107","name":"Fresh Packaged Produce"},{"id":"4655469","url":"/browse/food/fall-produce/976759_976793_4655469","name":"Fall Produce"},{"id":"5526945","url":"/browse/food/melons/976759_976793_9756351_5526945","name":"Melons"},{"id":"5988105","url":"/browse/food/summer-produce/976759_976793_5988105","name":"Summer Produce"},{"id":"7083253","url":"/browse/food/game-time-produce/976759_976793_7083253","name":"Game Time Produce"},{"id":"9043545","url":"/browse/food/fresh-pre-cut-fruits/976759_976793_8402496_9043545","name":"Fresh Pre-Cut Fruits"},{"id":"broccoli-sprout","url":"/c/kp/broccoli-sprout","name":"Broccoli Sprout"},{"id":"greens-dinner","url":"/c/kp/greens-dinner","name":"Greens Dinner"},{"id":"kale-creations","url":"/c/kp/kale-creations","name":"Kale Creations"},{"id":"melon-bread-grocery-gourmet-food","url":"/c/kp/melon-bread-grocery-gourmet-food","name":"Melon Bread Grocery Gourmet Food"},{"id":"veggy","url":"/c/kp/veggy","name":"Veggy"},{"id":"yummy-greens","url":"/c/kp/yummy-greens","name":"Yummy Greens"}]}},"publishedDate":1698363869026,"moduleId":"6895b2cc-0ece-4631-b0c5-e1d2390c024b","module_id":"6895b2cc-0ece-4631-b0c5-e1d2390c024b","matchedTrigger":{"pageType":"ContentPageGlobal","pageId":"global_evergreen","zone":"bottomZone4","inheritable":false}},{"name":"NEW GenericSEOFAQModule Thu Oct 05 2023 9:50 PM PDT","type":"GenericSEOFAQModule","version":8,"status":"published","schedule":{"start":null,"end":null,"priority":10,"expEnabled":false},"triggers":[{"pageType":"ContentPage","pageId":"9874843","zone":"bottomZone4","inheritable":false},{"pageType":"ContentPageGlobal","pageId":"global_evergreen","zone":"bottomZone3","inheritable":false},{"pageType":"BrowsePage","pageId":"global_evergreen","zone":"bottomZone5","inheritable":false},{"pageType":"BrowsePageByCategory","pageId":"4757760","zone":"bottomZone5","inheritable":false}],"configs":{"__typename":"TempoWM_GLASSWWWGenericSEOFAQModuleConfigs","seoFaqList":null},"publishedDate":1700089590849,"moduleId":"b7ae9d11-2a1f-49c4-8ee7-10f2e7794a4c","module_id":"b7ae9d11-2a1f-49c4-8ee7-10f2e7794a4c","matchedTrigger":{"pageType":"ContentPageGlobal","pageId":"global_evergreen","zone":"bottomZone3","inheritable":false}}],"layouts":[{"id":"pageSplitResponsive","layout":{"type":"pageSplitResponsive","name":"Responsive Layout with LHN \u0026 Top Nav","definition":{"type":"container","flow":"vertical","content":[{"flow":"horizontal","type":"container","style":{"customStyles":"mh0"},"content":{"id":"topContent","type":"slot","mapping":[{"type":"ZONE","options":{"refId":"topZone1"}},{"type":"ZONE","options":{"refId":"topZone2"}},{"type":"ZONE","options":{"refId":"topZone3"}},{"type":"ZONE","options":{"refId":"topZone4"}},{"type":"ZONE","options":{"refId":"topZone5"}}]}},{"flow":"horizontal","type":"container","style":{"customStyles":"mh0"},"content":[{"flow":"vertical","type":"container","style":{"gridColumns":12,"customStyles":"nl2 nr2","lgGridColumns":3},"content":{"id":"leftContent","type":"slot","mapping":[{"type":"ZONE","options":{"refId":"leftZone1"}},{"type":"ZONE","options":{"refId":"leftZone2"}},{"type":"ZONE","options":{"refId":"leftZone3"}},{"type":"ZONE","options":{"refId":"leftZone4"}},{"type":"ZONE","options":{"refId":"leftZone5"}}]}},{"flow":"vertical","type":"container","style":{"gridColumns":12,"customStyles":"nl2 nr2 ph3-l ph4-xl nl3-xl","lgGridColumns":9},"content":{"id":"centerContent","type":"slot","mapping":[{"type":"ZONE","options":{"refId":"contentZone1"}},{"type":"ZONE","options":{"refId":"contentZone2"}},{"type":"ZONE","options":{"refId":"contentZone3"}},{"type":"ZONE","options":{"refId":"contentZone4"}},{"type":"ZONE","options":{"refId":"contentZone5"}},{"type":"ZONE","options":{"refId":"contentZone6"}},{"type":"ZONE","options":{"refId":"contentZone7"}},{"type":"ZONE","options":{"refId":"contentZone8"}},{"type":"EXTERNAL","options":{"refId":"atfMarker","tempoLabel":"ATF Marker","displayInTempo":true}},{"type":"ZONE","options":{"refId":"contentZone9"}},{"type":"ZONE","options":{"refId":"contentZone10"}},{"type":"ZONE","options":{"refId":"contentZone11"}},{"type":"ZONE","options":{"refId":"contentZone12"}},{"type":"ZONE","options":{"refId":"contentZone13"}},{"type":"ZONE","options":{"refId":"contentZone14"}},{"type":"ZONE","options":{"refId":"contentZone15"}},{"type":"ZONE","options":{"refId":"contentZone16"}},{"type":"ZONE","options":{"refId":"contentZone17"}},{"type":"ZONE","options":{"refId":"contentZone18"}},{"type":"ZONE","options":{"refId":"contentZone19"}},{"type":"ZONE","options":{"refId":"contentZone20"}},{"type":"ZONE","options":{"refId":"contentZone21"}},{"type":"ZONE","options":{"refId":"contentZone22"}},{"type":"ZONE","options":{"refId":"contentZone23"}},{"type":"ZONE","options":{"refId":"contentZone24"}},{"type":"ZONE","options":{"refId":"contentZone25"}},{"type":"ZONE","options":{"refId":"contentZone26"}},{"type":"ZONE","options":{"refId":"contentZone27"}},{"type":"ZONE","options":{"refId":"contentZone28"}},{"type":"ZONE","options":{"refId":"contentZone29"}},{"type":"ZONE","options":{"refId":"contentZone30"}}]}}]},{"flow":"horizontal","type":"container","style":{"customStyles":"mh0"},"content":{"id":"bottomContent","type":"slot","mapping":[{"type":"ZONE","options":{"refId":"bottomZone1"}},{"type":"ZONE","options":{"refId":"bottomZone2"}},{"type":"ZONE","options":{"refId":"bottomZone3"}},{"type":"ZONE","options":{"refId":"bottomZone4"}},{"type":"ZONE","options":{"refId":"bottomZone5"}}]}}]},"channel":{"id":"87674fe3-1742-4650-8e11-8d0c6acfe836","status":"ACTIVE"},"status":"ACTIVE","version":"1.279-SNAPSHOT 1701416984705 jenkinspan"}},{"id":"contentPageSplitDesktop","layout":{"type":"contentPageSplitDesktop","name":"Content Page - Desktop with LHN \u0026 Top Nav","definition":{"type":"container","flow":"vertical","content":[{"flow":"horizontal","type":"container","content":{"id":"topContent","type":"slot","mapping":[{"type":"ZONE","options":{"refId":"topZone1"}},{"type":"ZONE","options":{"refId":"topZone2"}},{"type":"ZONE","options":{"refId":"topZone3"}},{"type":"ZONE","options":{"refId":"topZone4"}},{"type":"ZONE","options":{"refId":"topZone5"}}]}},{"flow":"horizontal","type":"container","content":[{"flow":"vertical","type":"container","style":{"gridColumns":3},"content":{"id":"leftContent","type":"slot","mapping":[{"type":"ZONE","options":{"refId":"leftZone1"}},{"type":"ZONE","options":{"refId":"leftZone2"}},{"type":"ZONE","options":{"refId":"leftZone3"}},{"type":"ZONE","options":{"refId":"leftZone4"}},{"type":"ZONE","options":{"refId":"leftZone5"}}]}},{"flow":"vertical","type":"container","style":{"gridColumns":9},"content":{"id":"centerContent","type":"slot","mapping":[{"type":"ZONE","options":{"refId":"contentZone1"}},{"type":"ZONE","options":{"refId":"contentZone2"}},{"type":"ZONE","options":{"refId":"contentZone3"}},{"type":"ZONE","options":{"refId":"contentZone4"}},{"type":"ZONE","options":{"refId":"contentZone5"}},{"type":"ZONE","options":{"refId":"contentZone6"}},{"type":"ZONE","options":{"refId":"contentZone7"}},{"type":"ZONE","options":{"refId":"contentZone8"}},{"type":"EXTERNAL","options":{"refId":"atfMarker","tempoLabel":"ATF Marker","displayInTempo":true}},{"type":"ZONE","options":{"refId":"contentZone9"}},{"type":"ZONE","options":{"refId":"contentZone10"}},{"type":"ZONE","options":{"refId":"contentZone11"}},{"type":"ZONE","options":{"refId":"contentZone12"}},{"type":"ZONE","options":{"refId":"contentZone13"}},{"type":"ZONE","options":{"refId":"contentZone14"}},{"type":"ZONE","options":{"refId":"contentZone15"}},{"type":"ZONE","options":{"refId":"contentZone16"}},{"type":"ZONE","options":{"refId":"contentZone17"}},{"type":"ZONE","options":{"refId":"contentZone18"}},{"type":"ZONE","options":{"refId":"contentZone19"}},{"type":"ZONE","options":{"refId":"contentZone20"}},{"type":"ZONE","options":{"refId":"contentZone21"}},{"type":"ZONE","options":{"refId":"contentZone22"}},{"type":"ZONE","options":{"refId":"contentZone23"}},{"type":"ZONE","options":{"refId":"contentZone24"}},{"type":"ZONE","options":{"refId":"contentZone25"}},{"type":"ZONE","options":{"refId":"contentZone26"}},{"type":"ZONE","options":{"refId":"contentZone27"}},{"type":"ZONE","options":{"refId":"contentZone28"}},{"type":"ZONE","options":{"refId":"contentZone29"}},{"type":"ZONE","options":{"refId":"contentZone30"}}]}}]},{"flow":"horizontal","type":"container","content":{"id":"bottomContent","type":"slot","mapping":[{"type":"ZONE","options":{"refId":"bottomZone1"}},{"type":"ZONE","options":{"refId":"bottomZone2"}},{"type":"ZONE","options":{"refId":"bottomZone3"}},{"type":"ZONE","options":{"refId":"bottomZone4"}},{"type":"ZONE","options":{"refId":"bottomZone5"}}]}}]},"channel":{"id":"87674fe3-1742-4650-8e11-8d0c6acfe836","status":"ACTIVE"},"status":"ACTIVE","version":"1.279-SNAPSHOT 1701416984705 jenkinspan"}},{"id":"base","layout":{"type":"base","name":"Base","definition":{"type":"container","flow":"vertical","content":[{"flow":"vertical","type":"container","content":{"id":"mainContentSlot","type":"slot","mapping":[{"type":"ZONE","options":{"refId":"topZone1"}},{"type":"ZONE","options":{"refId":"topZone2"}},{"type":"ZONE","options":{"refId":"topZone3"}},{"type":"ZONE","options":{"refId":"topZone4"}},{"type":"ZONE","options":{"refId":"topZone5"}},{"type":"ZONE","options":{"refId":"leftZone1"}},{"type":"ZONE","options":{"refId":"leftZone2"}},{"type":"ZONE","options":{"refId":"leftZone3"}},{"type":"ZONE","options":{"refId":"leftZone4"}},{"type":"ZONE","options":{"refId":"leftZone5"}},{"type":"ZONE","options":{"refId":"contentZone1"}},{"type":"ZONE","options":{"refId":"contentZone2"}},{"type":"ZONE","options":{"refId":"contentZone3"}},{"type":"ZONE","options":{"refId":"contentZone4"}},{"type":"ZONE","options":{"refId":"contentZone5"}},{"type":"ZONE","options":{"refId":"contentZone6"}},{"type":"ZONE","options":{"refId":"contentZone7"}},{"type":"ZONE","options":{"refId":"contentZone8"}},{"type":"EXTERNAL","options":{"refId":"atfMarker","tempoLabel":"ATF Marker","displayInTempo":true}},{"type":"ZONE","options":{"refId":"contentZone9"}},{"type":"ZONE","options":{"refId":"contentZone10"}},{"type":"ZONE","options":{"refId":"contentZone11"}},{"type":"ZONE","options":{"refId":"contentZone12"}},{"type":"ZONE","options":{"refId":"contentZone13"}},{"type":"ZONE","options":{"refId":"contentZone14"}},{"type":"ZONE","options":{"refId":"contentZone15"}},{"type":"ZONE","options":{"refId":"contentZone16"}},{"type":"ZONE","options":{"refId":"contentZone17"}},{"type":"ZONE","options":{"refId":"contentZone18"}},{"type":"ZONE","options":{"refId":"contentZone19"}},{"type":"ZONE","options":{"refId":"contentZone20"}},{"type":"ZONE","options":{"refId":"contentZone21"}},{"type":"ZONE","options":{"refId":"contentZone22"}},{"type":"ZONE","options":{"refId":"contentZone23"}},{"type":"ZONE","options":{"refId":"contentZone24"}},{"type":"ZONE","options":{"refId":"contentZone25"}},{"type":"ZONE","options":{"refId":"contentZone26"}},{"type":"ZONE","options":{"refId":"contentZone27"}},{"type":"ZONE","options":{"refId":"contentZone28"}},{"type":"ZONE","options":{"refId":"contentZone29"}},{"type":"ZONE","options":{"refId":"contentZone30"}},{"type":"ZONE","options":{"refId":"bottomZone1"}},{"type":"ZONE","options":{"refId":"bottomZone2"}},{"type":"ZONE","options":{"refId":"bottomZone3"}},{"type":"ZONE","options":{"refId":"bottomZone4"}},{"type":"ZONE","options":{"refId":"bottomZone5"}}]}}]},"channel":{"id":"87674fe3-1742-4650-8e11-8d0c6acfe836","status":"ACTIVE"},"status":"ACTIVE","version":"1.279-SNAPSHOT 1701416984705 jenkinspan"}}],"pageMetadata":{"location":{"pickupStore":"2959","deliveryStore":"2959","intent":"SHIPPING","postalCode":"48066","stateOrProvinceCode":"MI","city":"Roseville","storeId":"2959","accessPointId":null,"accessType":null,"spokeNodeId":null},"pageContext":{}}},"seoCategoryMetaData":{"metaDesc":"Shop for Produce for healthy living at Walmart.com. Buy nutritious fruits \u0026 vegetables, breakfast, protein, salad, brown sugar. Save money. Live better.","metaTitle":"Produce for Healthy Living - Walmart.com","metaCanon":"https://www.walmart.com/cp/produce-healthy-living/5306523","metaKW":null,"noIndex":false,"primaryPathId":"0/976759/976793/5306523"}},"headers":{}},"categoryPageId":"5306523","pageUrl":"/content/produce-healthy-living/5306523?page=1\u0026sort=alpha","psych":{"isDesktop":true,"isBot":false,"isMobile":false,"trafficType":"customer","browserName":"Chrome","visitType":"rv_c","previousAppVersion":"us-web-1.104.4-c58d431eba530d8e7fb2d4a90a93a0a51ed5a9ef-1113"},"isomorphicSessionId":"TL513Oi0whH_y5QFD5s5k","trace":{"traceId":"2392f92990a9574a7afa346f68ac93a0","spanId":"748d75bf87c444f7","traceFlags":0},"isCaching":false,"queryContextCacheId":8260,"bootstrapData":{"account":{"data":{"account":null}},"cart":null,"header":{"data":{"contentLayout":{"modules":[{"name":"New GlobalHamburgerNav Module, Monday, February 01, 2021, 10:56:25:63 am","type":"GlobalHamburgerNav","moduleId":"e5695db1-03c9-4ad8-87b1-3ecc7f36139a","matchedTrigger":{"zone":"hamburgerNav"},"configs":{"subCategory":[{"subLinks":[{"link":{"linkText":"Purchase History","title":"Purchase History","clickThrough":{"value":"/orders"},"uid":"lClciGBL"},"icon":"Receipt"},{"link":{"linkText":"My Items","title":"My Items","clickThrough":{"value":"/my-items"},"uid":"-CR6cbCJ"},"icon":"Reorder"},{"link":{"linkText":"Account","title":"Account","clickThrough":{"value":"/account"},"uid":"UEvH7Fxj"},"icon":"User"}]},{"subLinks":[{"link":{"linkText":"Help","title":"Help","clickThrough":{"value":"/help"},"uid":"8IhExTJt"},"icon":"QuestionCircle"}]},{"subLinks":[{"link":{"linkText":"Lists","title":"Lists","clickThrough":{"value":"/lists"},"uid":"X1LAJGJ_"},"icon":"Heart"},{"link":{"linkText":"Registries","title":"Registries","clickThrough":{"value":"/cp/gifts-registry/1094765"},"uid":"1AXmIt42"},"icon":"Gift"}]}]}}]}},"headers":{}},"footer":{"data":{"contentLayout":{"modules":[{"name":"Full Footer Module - 10.25.22","type":"GlobalFooterLinks","matchedTrigger":{"zone":"footerZone1"},"configs":{"subLinks":[{"link":{"linkText":"All Departments","title":"All Departments","clickThrough":{"type":"url","value":"/all-departments","rawValue":"/all-departments"},"uid":"qxfQLilq"},"isSFLink":"False","openInNewTab":"False"},{"link":{"linkText":"Store Directory","title":"Store Directory","clickThrough":{"type":"url","value":"/store/directory","rawValue":"/store/directory"},"uid":"Mqjgq01i"},"isSFLink":"False","openInNewTab":"True"},{"link":{"linkText":"Careers","title":"Careers","clickThrough":{"type":"url","value":"https://careers.walmart.com/","rawValue":"https://careers.walmart.com/"},"uid":"xSXQZgLP"},"isSFLink":"False","openInNewTab":"True"},{"link":{"linkText":"Our Company","title":"Our Company","clickThrough":{"type":"url","value":"https://corporate.walmart.com/","rawValue":"https://corporate.walmart.com/"},"uid":"1LGhsg1W"},"isSFLink":"False","openInNewTab":"True"},{"link":{"linkText":"Sell on Walmart.com","title":"Sell on Walmart.com","clickThrough":{"type":"url","value":"https://marketplace.walmart.com/?utm_source=Walmart.com\u0026utm_medium=link\u0026utm_campaign=footer","rawValue":"https://marketplace.walmart.com/?utm_source=Walmart.com\u0026utm_medium=link\u0026utm_campaign=footer"},"uid":"ruChBupf"},"isSFLink":"False","openInNewTab":"True"},{"link":{"linkText":"Help","title":"Help","clickThrough":{"type":"url","value":"/help","rawValue":"/help"},"uid":"sF8XalaR"},"isSFLink":"False","openInNewTab":"False"},{"link":{"linkText":"COVID-19 Vaccine Scheduler","title":"COVID-19 Vaccine Scheduler","clickThrough":{"type":"url","value":"https://www.walmart.com/cp/flu-shots-immunizations/1228302","rawValue":"https://www.walmart.com/cp/flu-shots-immunizations/1228302"},"uid":"mkSSzU5_"},"isSFLink":"False","openInNewTab":"False"},{"link":{"linkText":"Product Recalls","title":"Product Recalls","clickThrough":{"type":"url","value":"https://corporate.walmart.com/recalls","rawValue":"https://corporate.walmart.com/recalls"},"uid":"6WfEW3Zs"},"isSFLink":"False","openInNewTab":"True"},{"link":{"linkText":"Accessibility","title":"Accessibility","clickThrough":{"type":"url","value":"https://www.walmart.com/help/article/responsible-disclosure-and-accessibility-policies/0f173dab8bd942da84b1cd7ab5ffc3cb","rawValue":"https://www.walmart.com/help/article/responsible-disclosure-and-accessibility-policies/0f173dab8bd942da84b1cd7ab5ffc3cb"},"uid":"nH94lRDz"},"isSFLink":"False","openInNewTab":"True"},{"link":{"linkText":"Tax Exempt Program","title":"Tax Exempt Program","clickThrough":{"type":"url","value":"https://www.walmart.com/taxexempt/","rawValue":"https://www.walmart.com/taxexempt/"},"uid":"MSqG1z1p"},"isSFLink":"False","openInNewTab":"True"},{"link":{"linkText":"Get the Walmart App","title":"Get the Walmart App","clickThrough":{"type":"url","value":"https://walmart.onelink.me/UIev?pid=walmart.com\u0026af_web_dp=https%3A%2F%2Fwww.walmart.com%2Fcp%2Fwalmart-mobile-app%2F1087865\u0026c=Walmart.com%20Site%20Footer\u0026af_dp=walmart%3A%2F%2F","rawValue":"https://walmart.onelink.me/UIev?pid=walmart.com\u0026af_web_dp=https%3A%2F%2Fwww.walmart.com%2Fcp%2Fwalmart-mobile-app%2F1087865\u0026c=Walmart.com%20Site%20Footer\u0026af_dp=walmart%3A%2F%2F"},"uid":"fBlESY-s"},"isSFLink":"False","openInNewTab":"False"},{"link":{"linkText":"Sign-up for Email","title":"Sign-up for Email","clickThrough":{"type":"url","value":"https://www.walmart.com/cp/email-opt-in/8196352?gbo=1","rawValue":"https://www.walmart.com/cp/email-opt-in/8196352?gbo=1"},"uid":"wdxkv1Zu"},"isSFLink":"False","openInNewTab":"False"},{"link":{"linkText":"Safety Data Sheet","title":"Safety Data Sheet","clickThrough":{"type":"url","value":"http://msds.walmartstores.com/","rawValue":"http://msds.walmartstores.com/"},"uid":"snKdw1ZD"},"isSFLink":"False","openInNewTab":"False"},{"link":{"linkText":"Terms of Use","title":"Terms of Use","clickThrough":{"type":"url","value":"/help/article/walmart-com-terms-of-use/3b75080af40340d6bbd596f116fae5a0","rawValue":"/help/article/walmart-com-terms-of-use/3b75080af40340d6bbd596f116fae5a0"},"uid":"ZIN3lfkK"},"isSFLink":"True","openInNewTab":"False"},{"link":{"linkText":"Privacy \u0026 Security","title":"Privacy \u0026 Security","clickThrough":{"type":"url","value":"https://corporate.walmart.com/privacy-security","rawValue":"https://corporate.walmart.com/privacy-security"},"uid":"NcSEmFEh"},"isSFLink":"True","openInNewTab":"True"},{"link":{"linkText":"California Supply Chain Act","title":"California Supply Chain Act","clickThrough":{"type":"url","value":"https://corporate.walmart.com/california-transparency","rawValue":"https://corporate.walmart.com/california-transparency"},"uid":"saB0OxA1"},"isSFLink":"True","openInNewTab":"True"},{"link":{"linkText":"Your Privacy Choices","title":"Your Privacy Choices","clickThrough":{"type":"url","value":"https://www.walmart.com/account/api/ccpa-intake?native=false\u0026app=gm\u0026type=sod","rawValue":"https://www.walmart.com/account/api/ccpa-intake?native=false\u0026app=gm\u0026type=sod"},"uid":"J_2kgrFD"},"isSFLink":"True","openInNewTab":"True"},{"link":{"linkText":"Notice at Collection","title":"Notice at Collection","clickThrough":{"type":"url","value":"https://corporate.walmart.com/privacy-security/california-privacy-rights#what-are-the-categories-of-personal-information-collected","rawValue":"https://corporate.walmart.com/privacy-security/california-privacy-rights#what-are-the-categories-of-personal-information-collected"},"uid":"BEYc38cp"},"isSFLink":"True","openInNewTab":"True"},{"link":{"linkText":"Request My Personal Information","title":"Request My Personal Information","clickThrough":{"type":"url","value":"https://www.walmart.com/account/api/ccpa-intake?native=false\u0026app=gm\u0026type=access","rawValue":"https://www.walmart.com/account/api/ccpa-intake?native=false\u0026app=gm\u0026type=access"},"uid":"bBv2y0Gq"},"isSFLink":"True","openInNewTab":"True"},{"link":{"linkText":"Brand Shop Directory","title":"Brand Shop Directory","clickThrough":{"type":"url","value":"https://www.walmart.com/brand/branddirectory","rawValue":"https://www.walmart.com/brand/branddirectory"},"uid":"yCGpfrgV"},"isSFLink":"False","openInNewTab":"False"},{"link":{"linkText":"#IYWYK","title":"#IYWYK","clickThrough":{"type":"url","value":"https://www.walmart.com/cp/walmart-in-the-know/7781927","rawValue":"https://www.walmart.com/cp/walmart-in-the-know/7781927"},"uid":"JWKSWcyU"},"isSFLink":"False","openInNewTab":"False"}]}}]}},"headers":{}},"cv":{"account":{"_all_":{"hideMobileVerificationNotNowLink":false,"enableAccountDWeb":true,"registriesUrl":"/my-registries","enableMyItemsMenu":true,"isLoginRedirectionEnabled":false,"enablePaidBusinessPlusPlan":false,"enableGoogleAutoComplete":true,"enablePostalCodeMessage":false,"enableWPlusMembershipMode":true,"enableAccountWallet":true,"ccpaUrl":"/account/ccpa-reporting","enableMultipleInHomeAddresses":false,"enableZipcodeInAddressSelector":false,"showSignInNudgeDweb":true,"enableTaxExemptRedesign":false,"customCakeUrl":"https://www.walmart.com/order-ahead/cake","enableLanguageSelection":false,"enableDigitalRewards":true,"communicationAndPrivacyUrl":"/account/communications-and-privacy","digitalRewardsUrl":"https://www.walmart.com/cp/8301756","enableEbtFraud":true,"enableLocationErrorMessageImprovement":true,"protectionPlanUrl":"/protection-plans","enchancedAccountPharmacyUrl":"https://www.walmart.com/cp/5431","enableItemSubscriptionRamp":false,"reorderUrl":"https://www.walmart.com/my-items","enableValueTracker":true,"ccpaNewRequestUrl":"https://www.walmart.com/account/api/ccpa-intake?native=false\u0026amp;type=access","autoCareCenterUrl":"https://www.walmart.com/cp/auto-services/1087266","enablePhoneCollection":true,"businessMaximumNumberOfUserToInvite":5,"enableAddressLineOneAutofill":false,"enableInHomeAddress":true,"vuduLibraryUrl":"https://video.walmart.com/content/account/purchasehistory","enableHSAFSA":true,"disablePersonalInfoRequestsLink":false,"enableLocationAutoComplete":true,"eBookUrl":"https://www.walmart.com/account/redirect/kobo?page=library","isInHomeEnabled":true,"enableSpendAnalyzer":false,"enableInHomeLocationPreference":true,"enableNextBestAction":true,"enableAccountMWeb":true,"enableAVSOverrideGoogleAutoComplete":true,"enableSubscriptionModule":false,"enablePartialFulfillmentSwitching":false,"enablePostalCodeOnly":false,"walmartPlusUrl":"https://www.walmart.com/grocery/account/plus/overview","listsUrl":"/lists","showSignInNudgeMWeb":true,"placeholder":1,"enableYourProfileSection":true,"enableWalmartPlus":true,"enableGarage":true,"itemSubscriptionUrl":"https://www.walmart.com/m/deals/subscriptions/manage","enableWalmartPlusPreference":true,"walmartAssociateUrl":"https://www.walmart.com/account/associate-discount","pharmacyUrl":"https://www.walmart.com/pharmacy/dashboard","enableFeatureCommsAndPrivacy":true,"enableAvsOverride":true,"shouldUpdateCartAfterUpdateZipcode":true,"isFCShippingEnabled":true,"enablePhoneNumberOnPersonalInfo":false,"disableAddressOnEmptyLatLong":false,"enableItemSubscription":true,"isMobileVerificationEnabled":false,"enablePetRxAwarenessBanner":false,"enableRemovePWState":true,"enablePetHubPage":true,"enablePetsCarousel":true,"enablePetRxWebUrl":"https://www.walmart.com/cp/8328098","uTypeValue":"'[\"beta\"]'","enableInHomeEdit":true,"enableMemberModePersonalization":false,"disablePRAutoComplete":false,"enablePetRxAutoRefill":true,"disableGuestUserAutocomplete":false,"enableEGiftCardLinkFix":true,"enableAccountApiOptimization":true,"enablePetsLink":true,"enableAddressValidationErrorPopupUpdate":true,"enablePetRx":false,"isRewardsEnabled":true,"enableCharityOfChoice":true,"enableAccountMenuOptimization":true}},"cart":{"_all_":{"enableAuthErrorFix":true,"enableItemUpdates":true,"cartQueryStaleTime":240000,"enablePartialCheckout":true,"enableLeanModeSFL":false,"enableWplusCashback":false,"enableSingletonATF":false,"enableForceFooterVisibility":true,"enableFullPagePAC":true,"enableExpandModeForSubscriptionItems":false,"defaultSalesWeight":0.25,"enableGXOSignInNudge":true,"enableCapOneRewards":true,"enableSFLCarouselTopPlacement":false,"enableGuestCheckout":true,"enableACCOnPAC":false,"enableLeanModeATC":true,"enableDetailedPartialXoLabel":false,"enableCartWplusBannerPickup":true,"enableWplusThirtyDaystrial":true,"showPersonalization":true,"enableAvailableFinancingOptions":false,"enableCartWplusBannerNoSlotSelected":true,"enableAddOnServicesPAC":true,"enableCarePlansAndHomeServices":true,"enableSFLPriceDrop":false,"enableShippingLabel":true,"enableSetShippingOrDeliveryMutation":true,"enableSubstituteOOSV2":true,"enableEnhancedEmptyCart":true,"enableOmniPromise":true,"enableWirelessPostpaid":true,"sflCountPerPagination":20,"enableSFLBackInStock":false,"enableNewSignInBenefitCards":true,"enableEarlyAccess":true,"enableInHomeDelivery":true,"enablePickupNotAvailable":false,"enableLastCallNonRoutine":false,"disableGetCartCSR":false,"enablePostLoadDeals":true,"enablePAC":true,"enableFulfillmentChangeInOOS":false,"enableNonConfigBundles":true,"showATCSuccessSnackBarForItemPageNonPac":true,"enableSigninBenefits":true,"enableFPCEHeader":true,"enableWplusFulfillmentBanner":true,"enableHelium":true,"enableFFCollapseMode":false,"enableLoadAfterATF":false,"enableIbotta":true,"enableCXOPrefetch":true,"enableItemSwitchableTempBadge":false,"enableAccSchedulingDiscoverabilityV3":false,"disableCommaInHeader":false,"enableAEBadge":true,"enableCartLevelMSI":false,"enableATCAnimation":false,"enableGetCartAuthErrorRefetch":true,"enableCapOne":true,"enableWeightedItems":false,"enableWideProductImages":true,"enableWalmartPlusIntegratedSignUp":true,"enableItemSwitchableBadge":false,"enableATCRateLimitingMessage":true,"enableATCOptimization":true,"enableFeeThresholdBar":false,"enableSubstituteOOS":true,"enableACCScheduling":true,"enableSmartNudges":true,"enableCartLight":false,"enablePartialSwitchModuleLevel":false,"enableGroceryPAC":true,"enableCallouts":false,"enableAffirm":true,"enableItemNotSwitchableBadge":false,"enablePriceChange":true,"enableEbt":true,"enableWplus":true,"enableLastCallFullPage":false,"enableSFL":true,"enableShipInsteadAtItemLevel":true,"enablePickupNotAvailableVariation2":false,"enableSetPickupMutation":true,"enableWirelessFreebiePromo":true,"enableCartGIC":true,"enableRegistry":true,"enableHotCartFeature":false,"disableCartIconPriceTotal":false,"enableShippingIntent":true,"enableLeanMode":true,"enableCartWplusBannerTempo":true,"disableEstTotalOnMweb":false,"enableQueueing":true,"enableFFModuleHideUnhideCarrot":true,"enableProductTileV2":true,"enableFulfillmentHeadersV2":true,"leanModeRetryLimit":1,"enableFulfillmentGroupId":true,"enableLastCall":true,"enableFPCEAosVariant":4,"enableAccSchedulingFindStores":true,"enableOOSHotFix":true,"enableGICSpeedFilter":false,"enableFreeAmendAndReturn":false,"enableFreeShippingAndPickup":true,"enableSFLPerformanceMode":false,"enableOnXoMoveOosToSfl":false,"enableClearMergeCartSFL":true,"enableShopSimilar":true,"enableATFGiftingUI":false,"enableCartBookslotShortcut":true,"enablePACCheckout":false,"enablePickUpSwitchSubscriptionPopup":true,"enablePFS":false,"enableCartWplusBannerShippingMoreThanMin":true,"enableEnhancedItemUpdates":true,"showSubscriptionGuestLoginBanner":false,"initialSFLCount":10,"enableClearMergeCartId":true,"enableExpressReservationEndTime":false,"hideGuestXOCTA":true,"enableFulfillmentChoice":false,"enableSplashRouteAddition":false,"disableItemLevelMSI":false,"enableGiftingCheckbox":true,"enableFulfillmentContentEnhancement":false,"enableOOSAlertScroll":true,"enableSignInFromCart":true,"disableGuestPartialXO":true,"enableStoreSnackBarMessage":false,"enableStyliticsClassicQuickShop":false,"enableLoopItemUpdates":true,"enableShopSimilarForPickup":false,"homeScriptSrc":"https://web-assets.stylitics.com/v3-moodboard/latest/moodboard.release.js","enableVisionSFL":false,"enableSSRRedirect":false,"enableReturnsLabel":true,"enableSFLMoveToCartOptimization":true,"enableACCNonServiceableErrorUI":true,"enablelastCallOptimizatation":true,"enableEarlyRecos":false,"enableCTLQuickShopLabel":false,"enableFullPageSignin":true,"disableP13nOnPAC":false,"projectThunderbolt":true,"enableLargeImagesMWeb":false,"homeUsername":"walmart","enableStylisticsMoodBoardDesign":false,"enableWplusBannersPostCartLoadPage":true,"disableNoTimesMessage":true,"slotShortcutMaxSlotReqCount":15,"slotShortcutGetSlotsQueryCacheTime":30000,"enableCTLProductTitle":true,"enableShopTheModelBadge":false,"numberOfMpSeller":20,"enableClipRewards":true,"enableRecommendationsPhase2":true,"apparelScriptSrc":"https://web-assets.stylitics.com/v3-classic/latest/classic.release.js","enableWplusGuestBanner":true,"enablePACRedirectOnDismiss":true,"enableOrderCutOffLSTimezone":true,"enableFCTodayTomorrowHeader":true,"mpPickupSessionTime":72,"enableIntentControl":true,"enableStyliticsMoodboardQuickShop":false,"enableVisionNoRxCheckout":false,"enableI18n":0,"enableVetApprovalRequired":true,"enableEnhancedSavings":true,"enableBenefitSavings":true,"enableMPStoreSelector":true,"enableSmileyPricing":true,"enableACCVariant":1,"enableCTLMultipleLooks":true,"enableCTLQuickShop":true,"enableWplusOldBannerUI":true,"enableCompleteTheLook":true,"enableStylistics":false,"apparelUsername":"walmart","enableGenericWalmartCash":true,"enableSlotShortcutImplicitIntent":true,"enableSFLGrid":true,"enableCrossPollination":true,"enableMpPickupPhase2":false,"enableLastCallPhase2":false,"enableExpressUpsell":true,"enableEvergreenFee":true,"enableCompleteTheLookLabels":false,"enableOnePl":false,"enableMiniCart":false,"enableStarRatings":false,"visionOrderProperties":"'[\"prescription_type\",\"lens_type\",\"lens_material\",\"lens_color\",\"lens_add_ons\"]'","enablePromoDiscount":true,"enableSSR":false,"enableOfferIdInUrl":false,"enableSFLSmileyPrice":true,"enableVisionItems":false,"hideAcquisitionCardBanners":false,"disableCartPartialIntentWarning":true,"enableOrderCutOffTimeInline":true,"enableMultiline":true,"enablePACAOSVariants":1,"enableWplusRemoveBannersCardCheck":true,"enableAccModalOnItemPage":true,"enableStylisticsCLS":false,"enableFulfillmentFunnel":true,"enableHideOrderCutOffAtSLAGroupLevel":false,"savingsRecommendationTextV2":false,"calculateFooterPositionOnResize":true}},"bookslot":{"_all_":{"gmStoreMessageForNoUSPSlot":true,"enableEvergreenSlot":true,"enableWirelessPostpaid":true,"enableReReserveSlot":true,"enablePriorityTimesIntegratedSignup":true,"walmartPlusFreeDelivery":true,"expressDeliveryOnlyStores":true,"enableWalmartPlusIntegratedSignUp":true,"hidePickupSlotPrice":true,"disableMergeAndGetCartCSR":true,"alcoholRestrictedSlotsFilterEnable":true,"enableWplusCashback":false,"enableEarliestAvailableSlotPreselection":false,"enableBlockRegistrantAddressDelivery":true,"enableInventoryAwareMPPickup":true,"enableFulfillmentIntent":true,"enableNoSlotPreselectionOnTabSwitch":false,"enableSlotPreSelectionV2":true,"enableEarliestAvailableDayPreselection":false,"enablePickupOnShippingIntent":true,"enableNoPickupSlotSelectionForDefaultStore":true,"enableWalmartPlus":true,"nodeSelectableOnlineEnable":true,"enableStoreHours":true,"enableCityStateZipcodeAdaptiveInput":true,"hideStoreChooserDefaultAlert":true,"enableInputTypeAhead":true,"enableCityAndStateInput":true,"tempoCacheExpirationInSeconds":300,"enablePriorityTimes":true,"enableReservationNotAcceptableFix":true,"enableStoreSelectorFeedback":true,"enableStoreSelectorResiliency":false,"enableExpressSlotIsSelectableLogicFix":true,"maxCountOfStoresForInventory":8,"disableFreeDeliveryBannerForExpressOnlyStores":true,"enablePreselectionV2UserIntentOverReservation":false,"enableInHomeAmPmSlots":true,"enableInHomeSlotsQueryHeader":true,"mergeSlotsEnable":true,"refreshCPOnStoreChange":false,"enablePremiumSlotsBranding":false,"enableCityAndStateInputForPickupStore":true,"enableEvergreenHolidayDiscount":true,"enableUseCurrentLocation":true,"enableInHomeAmPmSlotsPhase2":true,"enableUseCurrentLocationFromBrowser":true,"evergreenWPlusMemberHolidayDiscountStrikeoutPrice":"5","enableAccSlotExpansion":true,"enableWplusOldBannerUI":true,"enableInhomeTipFreePriceLabel":true,"enableStoreSelectorMarketplacePickup":true,"enableACCStoreSelectorOnSlotsUnavailable":true,"enableAllSlotsUnavailableMessageTypesFix":true,"enableFulfillmentOptionURLParam":true,"enablePassCartIdAcidCheckStoreSelector":true,"enableZeroDeliverySlotPriceFree":false,"projectThunderbolt":true,"enableACCStoreSelectorErrorHandling":true,"enableEvergreenFee":true,"enableDeliveryStoreSelectorInHomeSupport":false,"evergreenNonMemberHolidayDiscountStrikeoutPrice":"12.95","disableSlotShortcutInGIC":false,"enableAvailableForInstallationText":true,"enableMultipleInhomeAddresses":false,"enablePassCartIdAcidCheck":true,"bookslotShortcutMaxSlotReqCount":21,"enableUnauthorizedAccessToCartErrorFix":true,"enableDeliveryFromStoreInfoModule":true,"enableDeliveryAddressFromSlotData":true,"enableHideInstoreCheckmark":true,"enableLocalizedStringInBookSlot":false,"enableWplusRemoveBannersCardCheck":true,"enableBookslotMobileSticky":true,"enableCartFulfillmentOption":true,"enableStorePagesAndFinder":true,"enableNoSlotsAvailableScreen":true,"enableStoreSelectorUnauthorizedAccessToCartErrorFix":true,"enableEvergreenSlotBranding":true}},"header":{"_all_":{"enableInpClickSearchInputField":false,"hideServiceWidget":true,"showNavLinks":true,"enableRedesignedHeader":false,"enableFetchAlertBarCSR":false,"fetchLocation":false,"maxCalloutsPerBSTC":4,"enableNavClickability":true,"globalNavCacheVariation":"","enableReorder":false,"showOptOut":false,"heartingEnhancementsEnable":false,"enableTADropdown":false,"calloutViewsPerIdPerBSTC":1,"enableGIC":true,"flyOutExpandOnClick":true,"navLinks":"'[{\"name\": \"Grocery\",\"link\": \"https://www.walmart.com/cp/1735450\"},{\"name\": \"Tech\",\"link\": \"https://www.walmart.com/cp/electronics/3944\"},{\"name\": \"Fashion\",\"link\": \"https://www.walmart.com/cp/clothing/5438\"},{\"name\": \"Home\",\"link\": \"https://www.walmart.com/cp/home/4044\"},{\"name\": \"Patio \u0026 garden\",\"link\": \"https://www.walmart.com/cp/patio-garden/5428\"},{\"name\": \"National donut day\",\"link\": \"https://www.walmart.com/shop/national-donut-day\"},{\"name\": \"Deals\",\"link\": \"https://www.walmart.com/shop/deals\"},{\"name\": \"Walmart+\",\"link\": \"https://www.walmart.com/plus\"}]'","isAlertBarEnabled":true,"fetchLocationCSROnLoad":true,"enableWplusRedesignTheme":false,"enableLightweightHeader":false,"enableResponsiveHF":true,"enableWalmartCashInNav":false,"calloutViewsPerIdPerVTC":2,"calloutsEnabled":true,"enableL0SeoLinksForItemPage":true,"showAddressLineOne":true,"enableStickyGIC":true,"enabledGICRetentionPrompt":false,"enableL0SeoLinksForAllPage":false,"enableWplusLogoOnSiteHeader":true,"enableMultipleInhomeAddresses":false,"enableGicResiliency":false,"enableGoogleEnhancedPlaceActions":true,"enableLocalizedStringInGIC":false,"enableGICAutoShowOnSessionStart":false,"enableDeliveryStoreSelection":true}},"pulse":{"_all_":{"alwaysAllowedTagList":"","enableScriptDefer":false,"logLevel":"info","enableATFMarker":true,"enableV1Schema":true,"enableQuantumMetric":false,"enableBeaconDefer":false}},"footer":{"_all_":{"enableXOFeedback":true,"enableNativeAppDownloadBottomsheet":true,"timeIntervalInHoursNativeAppInstallPrompt":24,"enableDbQrDownloadBottomSheet":true,"enableDownloadOurApp":false,"dbQrDownloadBottomSheetSecondaryMessageText":"Use the app to get up-to-date store prices and find items with store maps.","feedbackTenantName":"","timeIntervalInHoursDbQrNativeAppInstallBottomSheet":168,"enableShopOurBrandsSection":false,"enableSocialMediaLinks":false,"feedbackFetchMigrationToPlatformFetch":true,"maxNumberOfDbQrDownloadBottomSheetViews":1,"hideGiveFeedbackSection":true,"dbQrDownloadBottomSheetPrimaryMessageText":"Want to check store prices?","enableQuickLinkSection":false,"enableRemarketingEmailSignup":false,"enableNativeAppDownloadStickyBanner":true,"hideContactNumber":false,"enableInStoreWifiAppPrompt":true,"maxNumberOfNativeAppInstallPrompt":2,"enableEmailSignup":false,"enablePrivacyLinkUpdate":true,"enableForceB2BLogout":true,"isFullFooterEnabled":false}},"shared":{"_all_":{"ssrNavBrowserAllowList":"Chrome","enablePreOwnedExperience":true,"showCashbackProgressBar":false,"enableWrongStoreReminderDays":0,"enableEBTCheckBalance":true,"itemReservationsBannerText":"left to buy your item","enableSmileNowPricing":true,"enableMedalliaScript":false,"enableExpandedGiftingEligibility":true,"substitutionItemPriceAndQuantityClarity":true,"enableSubscriptionsInTransaction":true,"enableFulfillmentDisplay":false,"enableDigitalRewards":false,"enableInHomeGuidedDelivery":true,"enableLiquorBoxAlcoholExpansionCartBookslot":true,"cspReportOnlyOverrides":"","enableFullPageCart":true,"enableHubAndSpoke":true,"enableCartParallelFetch":true,"queueRefetchInterval":5000,"enableBuyNowWallet":true,"subscriptionManagePageUrl":"/subscriptions/manage","queueMaxRefetchDuration":900000,"multiSiteRedirectUrl":"https://business.walmart.com/","enableLanguagePreferenceDialog":false,"enableAstCookie":true,"enableDynamicOptionsFeedback":true,"enableSinglePageXO":true,"hideFulFillmentLabel":false,"tmxPathnameRulesDisallowCSV":"^/$,^/ip/,^/search,^/browse,^/shop,^/cp,^/content","enableWplusSignUpOffer":true,"substitutionsOptInClarity":true,"enableDynamicMainReducer":false,"helpLinkMPReturnPolicy":"https://www.walmart.com/help/article/walmart-marketplace-return-policy/63c3566a9d3546858582acae2fbfdb7e","enableSSRNavigation":true,"helpLinkTermsOfUse":"https://www.walmart.com/help/article/walmart-com-terms-of-use/3b75080af40340d6bbd596f116fae5a0","enableSpendLimit":false,"enableNewCookieSerializer":false,"enableMultiStorePickup":false,"enablePersistedQueries":true,"enableQueueingCtaRedirection":false,"enableHolidayFreeExpressDelivery":true,"legacySiteEbtRedirectEnabled":false,"enableDifferentCaptchaMethod":false,"enableAdSessionId":true,"disableGetCartSSR":true,"enableAEDynamicPromise":true,"businessRewardsThresholdAmount":"{ \"default\": 250 }","helpLinkStorePurchase":"https://www.walmart.com/help/article/view-store-purchases/f56a1afbf3b5428bb69f0124daa49108","enableReferToFriendIntl":false,"tmxPathnameRulesAllowCSV":"^/cart\\\\b,^/(wallet|payments|partner\\\\Wplus|plus|wmcash)/,^/checkout/(pindrop|review-order),^/account/(phoneverification|profile|plus\\\\Wmanage|payment\\\\Wmethods|giftcards\\\\Wbalance)","enableHotPacSessionTime":0,"enableLawnAndGarden":true,"enableAutoTmxForAll":true,"enableGicEngagement":true,"enableMPPickupBottomSheet":true,"enableWalmartPlusFreeDiscountedExpress":true,"enableSlotsParallelFetch":true,"enableExpressSla":true,"aeModuleHeaderText":"Free pickup","enableSinglePaymentForm":true,"enablePersistedCartId":true,"legacySiteDirectspendingRedirectEnabled":false,"enableUngatedSubscription":false,"enableFeedbackSubmitPageType":true,"enableOutOfStockFiltering":false,"enableBuyNowCXORedirect":false,"helpLinkMobileAlertsTerms":"https://www.walmart.com/help/article/mobile-alerts-terms-of-use/499122d9bba94d08b50e8facf42fcc82","bookSlotPersistentFilterEnable":false,"enableProductCarouselCSR":false,"enableHpRedesign":true,"enableProgressiveCss":false,"enableSpendAnalyticsPhaseTwo":false,"enableTileImageEarlyHint":false,"enableACCVariant":0,"legacySiteNGRedirectEnabled":false,"enableKlarnaBNPL":false,"enableBuyMore":false,"enableWrongStore":0,"enableGICHot":false,"enableBuyNow":true,"enableChargeForSubs":true,"enableSubscriptionForTenant":true,"enableNoOrderMinimumFee":false,"savingsRecommendationFlag":2,"enableManufacturersCoupons":false,"enableDigitalRewardsHistoryV2":false,"enableBusinessOfferCenter":false,"cvEndpoint":"rest","enableSinglePaymentFormWallet":true,"enableQueueing":true,"helpLinkReturnRefunds":"https://www.walmart.com/help/channel/returns-and-refunds/5a33a1f61af8479e9d1bd8b727e9e761","foo":false,"enableBadges":true,"enableItemLevelCheckout":false,"enablePreOwnedBadges":true,"enableWeeklyReservationCartBookslot":false,"bootstrapVersion":"PROD-2.0","enableGICSpeedFilter":false,"enableNewPrivacyBanner":false,"enableHotPostATC":0,"enableMOQ":false,"enableBenefitTracker":true,"placeholder":"US-B2C","enableSubscriptionsPetRxInTransaction":false,"aeModuleHeaderVariation":"variation2","enableAutoTmx":false,"enableListLandingView":true,"enablePFS":false,"enableCSRBootstrapCall":true,"enableGICOnboarding":false,"enableFeedbackGqlMigration":true,"legacySiteInhomeRedirectEnabled":false,"enableLaunchMultiSiteLogoffConfirmationModal":true,"enableSubscriptionDiscounts":false,"enableWaitingHallway":true,"enableGuidedDelivery":true,"queueTimeToCompletePurchase":10,"enableWmtpcBenefitCard":true,"beaconWithQuantumMetrics":false,"enableGifting":true,"enableBuyNowAOS":false,"enablePartialSwitchModuleLevelCartBookslot":false,"enableOneTimePurchaseDefault":false,"enableNeedHelpOptions":false,"disableAuthHeaderCheck":false,"enableSplitMetric":true,"enableGICBookslot":true,"cacheFullFooterVersion":1,"enableIbotta2xRewards":false,"enableEnhancedCarouselTiles":true,"accSlotShortcutMaxSlotCount":5,"enableSustainabilityBadge":false,"enableOnlyAtWalmartBadge":false,"proSellerBadgeVisibilityType":2,"enableDisplayStartTimeOnlyForACC":false,"isIncludeIphoneMetaTagAfilliateLinks":false,"enableCsp":true,"enableSmileSaveBadge":false,"enableWplusRetentionNudge":true,"enableStoreChooserDefaultAlertFromGIC":true,"enableFPO":true,"enableFloatingAddToOrder":true,"cacheFooterExpireDurationMs":600000,"enableBuyNowSFLPrompt":false,"enableLocalizedStringForReservationText":false,"enablePetRxManualRefill":true,"enableBuyNowPromiseMessage":true,"enableIphoneUrlParams":false,"cacheFullFooterExpireDurationMs":600000,"enableFastRefundCredit":true,"enableCheckoutProp65":true,"enableOrderDeviceInfo":false,"downlinkThreshold":"","enableEvergreenSlotBranding":true,"enableWplusACCPayForServiceOnline":false,"enableQueueSizeIncrease":true,"enableACCSchedulingUpsell":false,"mpaSkipURLPatterns":"","enableBuyNowFreeShippingNudge":false,"promoDiscountVisibilityType":"checkbox","enableAccUpsellVariant":1,"cacheHeaderVersion":1,"enableACCShipInsteadCTA":false,"cacheHeaderExpireDurationMs":600000,"enableBuyNowSavings":false,"enableSmileWasPricing":false,"enableBuyNowHot":false,"enableHPO":true,"enableWplusProgramId":true,"enableProductTileSmileyVariant":true,"cacheFooterVersion":1,"enableRebrandRewardsToCash":false,"enableBenefitBadge":true,"enableBuyNowAspectiva":true,"enableLocalizedStringForReservation":false,"enableEnhancedCarouselTilesByCategory":"5438","enableBuyNowTYUrl":false}},"help":{"_all_":{"chatBotLibraryUrl":"//i5.walmartimages.com/dfw/63fd9f59-f02d/e733dc45-f43e-4bef-aa9d-ef23fbefe03e/v1/botchat.js","disableGuestUsers":true,"enableContentUpdates":true,"helpGQLCookieName":"helpgql","showEmailPhone":false,"contactUsEmail":"help@customercare.walmart.com","enableHelpChatTextRetention":true,"contactUsPhone":"1-800-WALMART","enableRedesignExperience":true,"chatBotProxyUrl":"https://www.walmart.com/orchestra/helpChat/api","enableThreatMetrixProfiling":true,"enableChatErrorHandling":true,"enableAppleChat":false,"enableTempoQAL":true,"showChatBot":true,"enableFetchToken":true,"triggerChatFromReturnsPage":true,"chatBotUrl":"https://chat.walmart.com/glass/proxy/v3/directline/tokens/generate","faqLink":"https://www.walmart.com/help","searchSuggestionAmount":4,"searchResultsPerPage":10,"enableHelpChatMinimizeOnBlur":true,"enableTagChatAutoPopup":"dWeb","enableUniversalChat":true,"chatBotCSSUrl":"//i5.walmartimages.com/dfw/63fd9f59-f02d/e733dc45-f43e-4bef-aa9d-ef23fbefe03e/v1/wm-glass-botchat.css","postMVPFeatureEnable":true,"enableSpanishChat":false,"enableLoginModal":true,"buggySafariRegEx":"(iPod|iPhone|iPad).+ Version/(1([5-6]))|CriOS","enableHelpGQL":true,"enableStoreFeedback":true}},"contentpage":{"_all_":{"enableResponsiveSideNav":true,"enableNoResult":false,"smileVariation":2,"use1xQualityImage":false,"enableTopNav":true,"enableGenericFAQConfig":true,"enableSkinnyBanner":true,"noOfQuestionsToShow":3,"enableLeftHandNavDesign":true,"enableHreflangs":false,"enablePartialRender":false,"wplusContentPageIds":"8131648","enablePageNotFound":false,"responsiveSideNavEligibleCategories":"5431,1228302,4101489,1894700,5454755,1078664,9508321,4851429,3769564,1042239,8910931,1078666,1078944,9638815","enableCopyBlock":true,"enableDepartmentGridDesign":false,"leftHandNavEligibleCategories":"5438,133162,133195,3523459,133197,3891,7712430,1045804,9360765,5800740,1908812,5788073,3377730,6347057,1335384,1071204,8174172,3717275,9055522,1072864,1546896,5428,91416,4125,91083,1229749,1086045,3462603,4161,2636,133073,3944,2637,976793,9569500,976789,976787,976794,976782,976783,976779,9176907,1096070,976780,2975985,976791,3701649,3513393,7128585,1086446,1001320,1005862,1115193,3495493,976760,4661388,3771182,1396434,2571007,1005860,3460237,1544540,1231757,8157003,8213469,976798,5523094,1100706,1005863,1085666,1007219,1007039,1007040,5427,133283,486190,91365,118134,86323,414099,132943,6529511,978579,491351,540912,4718514,4350993,4114611,7552000,2299833,1086304,5358743,6824908,976759,1076905,1089430,7052607,4044,103150,1334134,639999,90828,133012,539095,110892,539105,4038,539103,90548,623679,1231327,90546,539386,102547,4047,1229486,4171,4718514,976798,8636404,1105910,1072335,1699525,1073085,2899782,133277,5525941,1229723,3475115,9206773,4646529,3951,1078524,1720130,1083166,6662018,6120851,7669778,7634768,5440,202072,202073,202074,1001299,1166769,1005859,6833286,228734,4024509,1060825,1095191,77622,1229875,126297,1088766,4104,4096,5454301,1071969,1007221,1007220,1056884,1229019,3920,582053,8571041,9451768,1735450,6972993,6106579,8638707,4288449,6513821,1932863,1414629,1077545,617941,617942,1105635,1077724,4172,4186,1081404,132873,14521,1230089,8561687,5848968,4187,5431,1228302,4101489,5454755,1078664,9508321,4851429,3769564,1224932,1078944,9638815,5271784,7924299,133225,3884472,2444681,7204689,5636258,532459,4294413,1102183,4037,133113,2622648,1045881,5208936,6718514,4510225,9516159,4191,645779,4173,6502732,4134,4089,1102182,6061364,1229594,4091,546956,97116,133020,6177615,4232946,1011919,1032619,1228441,2033628,7007010,7756661,7333633,9035881,1106132,1767021,8331331,4549164,1111647,2724815,9877415,1107532,4128,4155,1001659,1001680,1001321,7404214,7472650,9379334,9573311,112776,6338015,1229722,1075805,111667,1067617,1031899,1161932,1067618,1231459,1045879,8641540,9332706","enableLeadForm":true,"enableProductTileCollection":false,"productLimit":40,"oilEligibleCategories":3304723,"enableRewardHistory":true,"cpProcessingEnable":true}},"ads":{"_all_":{"adPreviousResponseNullCheck":false,"cpMq1RenderEnable":false,"sbaBannerDesignV3Intl":false,"ipMq1RenderEnable":true,"ipSkReqEnable":true,"enableGetPvId":true,"bpMq2Measure1PEnable":true,"measure3PImpEnable":true,"sbaBrandLabelEnable":false,"bpSkReqEnable":true,"adPreviewMode":false,"adShowAtcFieldEnable":true,"hpMq1Measure1PEnable":true,"hpMq1Measure3PEnable":true,"spSkRenderEnable":true,"bpSpc1ReqEnable":true,"displayUnitWrapperUnmount":true,"enableBrowseAdsRerender":true,"displayCheckIp":false,"updateAdV2QueryUbsEnable":true,"ipBr1Measure3PEnable":true,"cpSkRenderEnable":false,"phSkRenderEnable":true,"ipBr1Measure1PEnable":true,"adManualShelfIdCheck":true,"hpGalMeasure1PEnable":true,"hpGalMeasure3PEnable":true,"spSkMeasure1PEnable":true,"displaySbaLogospQs":true,"adSpClipBeaconEnable":true,"spSkMeasure3PEnable":true,"ipBr1EarlyLoadRootMargin":0,"bpSpc1Measure1PEnable":true,"typMq1ReqEnable":true,"sbaMwebRedesignV2Enable":false,"hpGalRenderEnable":true,"odpSkRenderEnable":true,"adSPIncrementDecrementCheck":true,"spMq1Measure1PEnable":true,"odpSkMeasure1PEnable":true,"odpSkReqEnable":true,"typMq1Measure1PEnable":true,"displaySpMyItems":true,"typSkMeasure3PEnable":true,"bpMq1Measure1PEnable":true,"spMq2ReqEnable":true,"updateAdV2Query2StoreEnable":false,"bpSkRenderEnable":true,"ipMq1Measure1PEnable":true,"odpSkConfigModuleLocation":"top","spSvAdsEligibleBeaconEnable":true,"displayPreviousRenderCheck":true,"spSkReqEnable":true,"hpMq1ReqEnable":true,"bpBigMeasure1PEnable":true,"sbaMwebRedesignV1Enable":true,"ipSkMeasure3PEnable":true,"ipMq2Measure3PEnable":true,"hpMq2Measure3PEnable":true,"spVideoAdsMobileStyling":true,"bpMq2Measure3PEnable":true,"displayDeduplication":true,"blockInternal":true,"ipSkRenderEnable":true,"cpMq2RenderEnable":false,"ipMq2ReqEnable":true,"phSkMeasure1PEnable":true,"ipMq2RenderEnable":true,"sbaBannerLabelEnable":false,"spMq2Measure3PEnable":true,"adResponseBeaconEnable":true,"phSkReqEnable":true,"displayProductPos":true,"hpGalReqEnable":true,"spMq2Measure1PEnable":true,"useLegacyBtfCmp":false,"spSbaDesignIterationsValue":0,"displayOrderDeduplication":true,"enableStackedRecallTracking":true,"cacheBusterTimeDiffMs":180000,"odpSkConfigLazy":400,"bpMq2ReqEnable":true,"spMq1RenderEnable":true,"enableGalleryReRender":false,"bpSkMeasure3PEnable":true,"bpSkMeasure1PEnable":true,"spMq2RenderEnable":true,"enableInGridInViewBeaconFix":true,"ipSpc2Measure1PEnable":true,"enableProductBrandOnBeacon":false,"displayPoVAdBlockerEnable":true,"spSvDisableBadges":true,"myitemsMeasure1PEnable":true,"bpMq1ReqEnable":true,"displayAddlInfo":true,"adsXpa":"wA4s1,KFmHO,2U022,kLTe3,SK3g0,Uu0h6,Ahrqe,rUz5r,8iEA9,-5ZDV","typMq1RenderEnable":true,"bpMq1RenderEnable":true,"hpMq2RenderEnable":true,"bpMq2RenderEnable":true,"moatIvt":"https://www.walmart.com/swag/v2/ip-rd","hpMq1RenderEnable":true,"ipSpc2ReqEnable":true,"phSkConfigLazy":400,"ipBr1RenderEnable":true,"spSvMwebLoadingFixEnable":true,"displayProductsPos":false,"enableBrandBoxEarlyLoad":false,"odpSkMeasure3PEnable":true,"typMq1Measure3PEnable":true,"typSkRenderEnable":true,"hpP13nMeasure1PEnable":true,"typSkMeasure1PEnable":true,"spSvGridPositionBeacon":true,"adViewableGmBeaconCheck":true,"ipSkMeasure1PEnable":true,"spMq1Measure3PEnable":true,"ipSpc1ReqEnable":true,"phSkConfigModuleLocation":"top","lazyRenderCmp":false,"ipMq1Measure3PEnable":true,"phSkMeasure3PEnable":true,"safeframeURL":"https://i5.walmartimages.com/dfw/63fd9f59-d6ba/07b8ea82-184c-4ea3-8ac0-5dc1981e40c8/v33/safeframe.html","typSkReqEnable":true,"displayPPMMode":true,"bpMq1Measure3PEnable":true,"ipSpc1Measure1PEnable":true,"ipMq1ReqEnable":true,"ipMq2Measure1PEnable":true,"hpMq2Measure1PEnable":true,"spMq1ReqEnable":true,"ipBr1MinScreenHeight":768,"ipP13nMeasure1PEnable":true,"spSpc1ReqEnable":true,"adCategoryTakeoverCheck":true,"hpMq2ReqEnable":true,"spSpc1Measure1PEnable":true,"hpPovLockoutPriorityEnable":true,"ipBr1ReqEnable":true,"spSvplaysInline":true,"spSvLoopCompleteEventEnable":true,"ipMq1DSPEnable":true,"enableHpRedesignXPA":true,"opAllAdsEnableAdsBtfCmpV3":false,"pacSkDisableTopPadding":false,"ipBr1VideoDSPEnabled":true,"bpSkFeedbackEnable":true,"bpMq2FeedbackEnable":true,"hpAbF4Measure3PEnable":true,"pacSkMeasure3PEnable":false,"pacSkMeasure1PEnable":false,"adsHpControlGroupXpa":"T0FRM,HP1Ng,YJYo7,YzvhK","spSvInViewRemoveVideoData":true,"enableVideoTracker":true,"enableIpBr1CreativeV1":true,"hpAbF4Measure1PEnable":true,"bpSpcEnableAdsBtfCmpV3":false,"spSigFeedbackEnable":true,"sbaUiEnhanceEnable":false,"spSvUiAlphaUpdate":true,"ipMq1FeedbackEnable":true,"cartP13nMeasure1PEnable":true,"hpGalAdViewableGmBeaconFix":true,"enableBlendedSpAdsVariation":false,"hpRedesignVisitedXpa":"hprXp","ipMq2Version":"","spSvHideTabletVideo":true,"bpSigFeedbackMobileEnable":false,"shpSkRenderEnable":true,"adsControlGroupXpa":"T0FRM,HP1Ng,YJYo7,YzvhK","moatRefactorEnable":false,"bpDacBottomReqEnable":false,"ipMq2FeedbackMobileEnable":false,"fillEmptyLocWithProductLocEnable":false,"enableAdV3Query":false,"bpMq1DSPEnable":true,"bpSkFeedbackMobileEnable":false,"hpAbF5Measure3PEnable":true,"hpGpbFs1Measure3PEnable":true,"hpGpbFs1DSPEnable":true,"infoIconClickEnable":true,"spSvRenderedImpressionEnable":true,"spTrackingRefactorEnable":true,"defaultLocationZipCode":"","spMq2FeedbackMobileEnable":false,"bpGalBottomMeasure3PEnable":false,"enableMqCreativeV1":true,"dspViewabilityTracking":true,"openRTBDisplayAdsBundleSafeframeURL":"https://i5.walmartimages.com/dfw/63fd9f59-afe1/7adb6fe1-4149-4ebe-b4c7-2ea1921d4a19/v34/openrtb-template-wrapper.html","hpTpFs2ReqEnable":true,"typMq1DSPEnable":true,"ipBbReqEnable":true,"shpSingleTTO2Measure3PEnable":false,"hpAbF5ReqEnable":true,"shpSkEnableAdsBtfCmpV3":false,"enableGalleryItemChanges":true,"spGalBottomMeasure1PEnable":false,"spSigFeedbackMobileEnable":false,"pacSkDSPEnable":false,"spGalBottomRenderEnable":false,"ipSkFeedbackMobileEnable":false,"ipGalTopMeasure1PEnable":false,"enableSponsoredRedirectParam":true,"spGalBottomDSPEnable":false,"ipGalMiddleMeasure1PEnable":false,"unfilledAdResponseBeaconEnable":false,"hpSpcEnableAdsBtfCmpV3":false,"hpAbF5FeedbackEnable":false,"spGalRenderEnable":false,"spDacBottomReqEnable":false,"enableGalleryMultipleLocations":true,"hpAbF5DSPEnable":false,"enableGalleryV2Design":true,"hpTpFs2RenderEnable":true,"adResponseBeaconRefactorEnable":true,"bpGalBottomDSPEnable":false,"typAllEnableAdsBtfCmpV3":false,"ipMq2FeedbackEnable":true,"adRequestBeaconEnable":false,"bpMq2FeedbackMobileEnable":false,"spMq1DSPEnable":true,"spSbaDesignIterationsEnable":false,"shpSingleTTO1Measure3PEnable":false,"adsSubscriptionPriceEnable":true,"ipGalMiddleReqEnable":false,"hpGalMiddleReqEnable":true,"hpGpbFs3DSPEnable":true,"contentPageClickBeaconEnable":true,"bpMq2DSPEnable":true,"spSvViewableBeaconEnable":true,"bpGalMeasure1PEnable":false,"useSearchBrowseBtfCmp":false,"hpAbF4RenderEnable":true,"spSvV2HookEnable":true,"bpMq1FeedbackMobileEnable":false,"hpGpbFs1ReqEnable":true,"typSkDSPEnable":true,"bpGalRenderEnable":false,"enableCreativeTypeBeacon":true,"bpSigFeedbackEnable":true,"bpMq1FeedbackEnable":true,"updatedAdBlockerDetectionEnabled":true,"enableSeasonalColorOption":false,"spSvLazyLoadingEnable":true,"ipGalMiddleRenderEnable":false,"pacSkReqEnable":false,"hpGpbFs1Measure1PEnable":true,"spGalMeasure1PEnable":false,"spSkEnableAdsBtfCmpV3":false,"enableBbWPlusEA":true,"shpSigMeasure1PEnable":false,"bpGalBottomRenderEnable":false,"shpSingleTTO2ReqEnable":false,"displayIdentifyAdServer":true,"ipMq2DSPEnable":true,"ipAllAdsEnableAdsBtfCmpV3":false,"bpMqEnableAdsBtfCmpV3":false,"enableCenterAlignBrandBox":false,"feedbackForVideoRefactor":false,"shpSingleTTO2Measure1PEnable":false,"addSpVideoNaBeacon":true,"spMq2FeedbackEnable":true,"enableAdSmilePricing":true,"enableLegalDisclaimerSponsored":true,"hpTpFs1ReqEnable":true,"shpSkMeasure1PEnable":true,"hpGalMiddleMeasure3PEnable":true,"enableSvTestAds":false,"spAtcTrackBeaconFix":true,"bpGalReqEnable":false,"spSkDSPEnable":true,"spMqEnableAdsBtfCmpV3":false,"videoEarlyloadOffset":1200,"shpSingleTTO2RenderEnable":false,"videoViewabilityFix":true,"hpMqEnableAdsBtfCmpV3":false,"hpTpFs1Measure1PEnable":true,"shpSingleTTO1RenderEnable":false,"spMq1FeedbackEnable":true,"spGalDSPEnable":false,"hpTpFs1DSPEnable":true,"ipSkFeedbackEnable":true,"hpAbF4FeedbackEnable":false,"videoCCEnable":true,"hpMq2DSPEnable":true,"hpTpFs2FeedbackEnable":false,"adSpBuyNowBeaconEnable":false,"spSvAutoGenCcDisclaimerEnabled":true,"sponsoredLabelTextColor":"#74767C","hpTpFs1Measure3PEnable":true,"bpSkDSPEnable":true,"hpGpbFs2FeedbackEnable":false,"spGalMiddleDSPEnable":false,"ipGalTopReqEnable":false,"spSvContainerEnable":true,"enableMyitemsBlending":false,"spSigMeasure1PEnable":true,"spSkFeedbackMobileEnable":false,"hpTpFs2Measure3PEnable":true,"spGalReqEnable":false,"hpTpFs2Measure1PEnable":true,"videoPerformanceTrackerEnable":true,"ipMq1FeedbackMobileEnable":false,"revertViewabilityTimerFix":false,"hpGalMiddleMeasure1PEnable":true,"hpGalMiddleDSPEnable":true,"spGalMeasure3PEnable":false,"hpGpbFs3ReqEnable":true,"shpSkReqEnable":true,"spIbottaEnable":true,"hpGpbFs3RenderEnable":true,"hpGalMiddleFontChangesEnable":true,"hpGpbFs2RenderEnable":true,"defaultLocationStateCode":"","spSvPlmtMacroReplaceEnable":true,"bpSkEnableAdsBtfCmpV3":false,"enableAdUnitVersion":false,"enableAdsBtfCmpV3":false,"buyBoxVariations":"3","bpGalDSPEnable":false,"enableSearchGalleryMaxWidth":false,"hpTpFs3DSPEnable":true,"spMq1FeedbackMobileEnable":false,"hpGpbFs2Measure1PEnable":true,"hpGpbFs1RenderEnable":true,"enableMyitemsSortPlacementBeacon":true,"display3PVisibilityCheck":true,"spSvFeedbackEnable":false,"shpSkMeasure3PEnable":true,"hpGpbFs3Measure3PEnable":true,"hpGalMiddleFeedbackEnable":false,"disableLowPriorityBeacons":false,"shpSingleTTO1ReqEnable":false,"povMrcFix":true,"ipGalTopRenderEnable":false,"hpTpFs3Measure1PEnable":true,"ipGalMiddleDSPEnable":false,"hpTpFs3Measure3PEnable":true,"hpTpFs1RenderEnable":true,"hpAbF4ReqEnable":true,"hpTpFs3RenderEnable":true,"ipBr1VideoMeasure3PEnable":false,"hpGpbFs1FeedbackEnable":false,"enableMyitemsAtcSortPlacementBeacon":true,"videoMaxHeight":360,"dspProcessingEnable":true,"hpFontStyleFix":true,"hpGpbFs2DSPEnable":true,"ipBr1DSPEnable":true,"enableDisclaimerIconVar1":true,"enableSpcWPlusEA":true,"spSvMeasure1PEnable":true,"shpSingleTTO1Measure1PEnable":false,"spSvVideoTrackingEnable":true,"currCpSafeframeURL":"https://i5.walmartimages.com/dfw/63fd9f59-afe1/7adb6fe1-4149-4ebe-b4c7-2ea1921d4a19/v12/safeframe-content-page.html","ipBr1Version":"","highlyRatedCarouselEnable":false,"spSbaReqEnable":true,"spSvPerformanceTrackingEnable":true,"spSpcEnableAdsBtfCmpV3":false,"spSkFeedbackEnable":true,"hpAbF4DSPEnable":false,"viewableBeaconFix":true,"adsQuickshopBeaconEnable":true,"hpGpbFs2ReqEnable":true,"ipBbMeasure1PEnable":true,"hpGalMiddleRenderEnable":true,"hpAbF5RenderEnable":true,"bpGalMeasure3PEnable":false,"hpTpFs3ReqEnable":true,"spSvDynamicPosEnable":true,"hpTpFs3FeedbackEnable":false,"pacP13nMeasure1PEnable":true,"pacSkRenderEnable":false,"bpGalMiddleDSPEnable":false,"enableAtcItemClickBeaconFix":true,"hpTpFsAllDisableLoadingCard":true,"ipGalTopDSPEnable":false,"bpGalBottomMeasure1PEnable":false,"hpMq1DSPEnable":false,"enableGalleryTitle":true,"hpOldPageVisitedXpa":"hpXpa","hpAbF5Measure1PEnable":true,"safeframeTemplatesEnable":false,"hpGpbFs3FeedbackEnable":false,"adsHotBadging":false,"hpGalEnableAdsBtfCmpV3":false,"spGalBottomMeasure3PEnable":false,"spBbTranche2Enable":true,"ipBbLazyLoadingEnable":false,"spSbaMeasure1PEnable":true,"hpGpbFs3Measure1PEnable":true,"dspMultiProcessingEnable":true,"ipSkDSPEnable":true,"spSvRenderEnable":true,"ipMq1Version":"","spSvYabasVideoClickEnable":true,"ipGalTopMeasure3PEnable":false,"spSvReqEnable":true,"hpTpFs1FeedbackEnable":false,"hpGpbFs2Measure3PEnable":true,"shpSkDSPEnable":true,"enableVideoUIErrorState":true,"spMq2DSPEnable":true,"hpTpFs2DSPEnable":true,"ipGalMiddleMeasure3PEnable":false}},"wallet":{"_all_":{"enableIncommTiles":true,"enableDigitalRewards":true,"enableDVR":true,"enableIncommDS":true,"eGiftCardLinkUrl":"/browse/gifts-registry/egift-cards/1094765_96894_4851051_2852534?sort=best_match\u0026cat_id=1094765_96894_4851051_2852534_3326919\u0026stores=3081\u0026ps=40\u0026facet=brand%3AWalmart","enableExpirySingleField":false,"enableCardNumberFirst":false,"enableBCBSA":true,"enableCXODelayedMessage":false,"enableFIS":true,"enableSolutranDual":true,"enableEbtSeeBalance":true,"placeholder":1,"enableNewOneWalletAd":true,"enableNewOneCardArt":true,"enableEGiftCardLinkFix":true,"enablePayByBank":false,"enableSkyTransactionHistory":true,"oneCardUtmCampaign":"WM_BetaTest_PT_DIS_ACT_CVR_ONE_USA_MTD_V1","enableNewOneWalletAd2":true,"enableOneBanner":true,"disableRemoveSubmitQuery":true,"oneCardUtmContent":"IMG_PRD_BON_WMD-WLT-WLUA-Product1HeadlineACopyA_PIL_PRP_PUC_NPP_NTR"}},"wplus":{"_all_":{"paidSavingsThreshold":15,"eventOffersProgramId":"discmemb22","enableSingleClickReactivation":true,"enableRewardsCenter":true,"enableEventOffers":false,"ignoreCohortReVerification":"","enableEventOffersPlanExpired":true,"enableSplashPageWalletPayPal":true,"enableCohort":"assist","enableLegalUpdatesPartnerPages":true,"enableSpot22":true,"enablePickYourBillingDate":true,"enableSecMlp":true,"splashModalDelayRequestTimeInHours":0,"enableUnauthenticatedChoosePlans":false,"enableInHomeAddon":true,"enablePauseMembership":true,"enable30DayTrial":true,"enableSplashModalAutoLaunch":true,"isEAFreeMonthsOnCancelEnabled":true,"splashModalPlusUps":"inHome","enableOptionalPromoCodeOnBDP":true,"enableTrialExtension":false,"enableAssistMembership":true,"trialSavingsThreshold":15,"directMembershipProgramId":"earlyaccess21","enableWplusWeeklyReservation":true,"enableGiftingErrorScreen":false,"enableCancellationTrialExtension":false,"enableB2B2CV1":true,"eventOffersProgramName":"discountedmembership","enableAmexSwitchPlanDisclaimer":true,"enableDifferentiatedMemberExperience":true,"enableExpressSignUp":true,"isMemberEligibleForUpgrade":false,"enableDunning":true,"wplusWeekOffers":"cinemarkbogo,cinemarkb2g1,wplusweek,PaidOfferAccess","enableTempoPromoCodePage":false,"enableInHomeCancellationSurvey":true,"enableSingleClickReactivationWallet":true,"enableCashback":true,"redirectUpgradeCtaToPaidProgramId":"","enableEarlyAccess":true,"enableChoosePlansWallet":true,"enableCancellationOlMigration":true,"enableSplashPageWallet":true,"enableTempoMembershipLandingPage":false,"enableMlpImageResize":false,"enableAppeasementSplashModal":true,"enablePersonalizedSavingsA":true,"enableDirectBusinessMembershipOffer":false,"inHomeRedirectUrl":"https://inhome.walmart.com/partnership/chamberlain","dynamicCopyMode":"STATIC","enableWalmartPlus":true,"enablePersonalizedSavingsB":false,"enableB2B2CV1Dot1":true,"enableWplusSplashPage":true,"enableConsolidationBilling":true,"cohortVerifiedInHours":720,"enablePaymentValidation":true,"splashPaymentErrorEnabled":true,"enableManageMembershipWallet":true,"enableManageMembershipWalletPayPal":true,"enablePTABusinessMembership":false,"isEAFreeMonthsOnChangeEnabled":false,"enableShowChatOption":true,"enableMultiBenefitVariations":true,"enabledAutoRenewUpdate":true,"enableInHomeAddressValidation":true,"enableSplashUIVersion":"","enableSingleClickReactivationWalletPayPal":true,"enableDxGyPromoAutomation":true,"enableTrialToPaid":true,"enableHubOlMigration":true,"enableSSRPlansPage":true,"enableRAFSweepstakes":false,"enableWplusSignupOffers":true,"isGiftingMembershipEnabled":true,"enableSubscription":true,"enablePickYourBillingDatePostMvp":true,"enablePromoStrikeThroughPrice":true,"enableGamification":true,"enableBogleSignup":false,"enableMlp":true,"enableChoosePlansWalletPayPal":true,"enableNoPaymentSplashPage":false,"enableChamberlain":true,"enablePromoCodeValidationPrograms":"delta","enableRAFDirectToPaid":true,"programData":"{\"wbmembertry90\":{\"trialDays\":\"90\"},\"wbpartnertry90\":{\"trialDays\":\"90\"},\"wbmembertry180\":{\"trialDays\":\"180\"},\"wbpartnertry180\":{\"trialDays\":\"180\"},\"fam180wbmember\":{\"trialDays\":\"180\"},\"wb180membernp\":{\"trialDays\":\"180\"}}","enableOfferLedClipping":false,"enableReferAFriend":false,"enableBenefitEngagementPage":true,"enableCashBackPlans":true,"enableCashDashboard":true,"enableBadging":true,"paramount22RedirectUrl":"https://www.paramountplus.com/walmartplus/connect/","enableOfferListV1":true,"enableAdjustNonMemberMessaging":true,"enableHybridCohort":"","enableCashbackRebrand":true,"enableEaModules":true,"enableCashbackLogoRebrand":true,"paramount22SsoClientId":"1cad36da-b4c7-4e13-8460-71ff50ced7e2","enablePageSource":true,"enableDealSeeker":true,"cancelCtaGroupVariation":"CONTROL","activateProgramId":"instantwplusweek","enableParamountPlus22Reactivate":false,"enableMembershipEngagementChallenge":true,"enableRevampedBenefitsCard":true,"wplusWeekTrialMemberProgramId":"wplusweek23_convert_6monthoff","enableBDPBreadcrumb":true,"enableLegalUpdates":false,"enableExpiredUserRouting":true,"wplusWeekPaidMemberProgramId":"wplusweek23_upgrade_6monthoff","enableAmexGoldSwitchPlanDisclaimer":true,"enableRemindMeLater":false,"enableOC22":true,"enableAppScreenTakeOver":true,"enableMembershipYearinreview":false,"enableLegalUpdatesSplashPage":false,"enableHubRedesign":true,"enableLegalUpdatesActivatePage":"versionA","enablePartnerLandingPage":true,"isAnnualPlanOfferEnabled":false,"enabledMembershipSplashTrialToPaid":true,"enableLegalUpdatesPlansPage":"","eaModulesMaxDisplayPerSession":1,"wplusWeekProgramName":"wplusweek","enableParamount22":false,"eaModulesAllowedPath":"/shop/deals/cyber-monday","enableInHomeLandingPage":true,"enableCohortMembershipFastFollow":true}}},"membership":{"data":{"shouldShowWplusLogo":false}}},"enableGqlCsrRedirect":true,"nonce":"FUM0e-bhCe9pB-0r","persistedQueriesConfig":{"allowList":[""],"blackList":[""],"enableAllowList":false,"enablePersistedQueries":true},"excludeBeacon":false,"isNextPublicMocksEnabled":false,"adSessionId":"9ff3bb0edb802fcd87556282bd2db51b"}},"page":"/content/[...categoryParams]","query":{"page":"1","sort":"alpha","categoryParams":["produce-healthy-living","5306523"]},"buildId":"production_20231113T233804906Z-en-US","assetPrefix":"https://i5.walmartimages.com/dfw/63fd9f59-397c/135dd224-4517-49f9-9614-fc46d13dee3a/v2/en-US","runtimeConfig":{"nxApplicationName":"US-JOURNEY","isDev":false,"enableLatencyTrace":true,"tenant":"WM_GLASS","vid":"oaoh","tenantV2":{"bu":"WALMART-US","mart":"B2C"},"mockURL":"http://mock-backend.dev.walmart.com/","mock":true,"endpointMappings":{"operations":{"query configuration":"cegateway","query RewardsHistoryPage":"cegateway","query ContentPage":"cegateway","query BrandPage":"cegateway","query checkItemCartEligibility":"cecxo","mutation MergeAndGetCart":"cecxo","query getGuestOrder":"cegateway","query PurchaseHistory":"cecph","mutation NotifyCapOneBannerSnooze":"cegateway","mutation CancelOrder":"cecph","query LastCallPage":"cegateway","query AdV2Display":"adsgateway","query GetCommPreference":"cegateway","query PurchasedProtectionPlans":"cecph","query PurchasedProtectionPlansV2":"cecph","query ProtectionPlanDetail":"cecph","query subscriptions":"cegateway","query NodeDetailQuery":"cegateway","query NearbyNodesQuery":"cegateway","query LocalStoreContentQuery":"cegateway","query CartSubstitutions":"cegateway","query CartShopSimilar":"cegateway","query GetEarlyAccessLearnMoreData":"ceaccount","query PostCartLoadPage":"cegateway","query SearchStore":"cegateway","query LocalStoreCategoryContent":"cegateway","query nodeDetails":"cegateway","query storeFinderNearbyNodesQuery":"cegateway","mutation CreateInsuranceSalesLead":"wellness","mutation setPickup":"cecxo","query getCart":"cegateway","query feedShowCategories":"cegateway","query feedsByStatus":"cegateway","query feedShow":"cegateway","query feedsByStatusPaginated":"cegateway","query SavingsDashboard":"cegateway","mutation cancelReturnOrder":"cereturns","query GetDeliveryPreferences":"cegateway","query LensCustomizationProductIdmlQuery":"cepdp"},"queryStrings":{"step=cart":"cecxo","step=bookslot":"cecxo","entitytype=*":"ceorders","state=*":"ceorders","source=*":"ceorders"},"pages":{"*":"cegateway","/":"cegateway","/hp-redesign":"cegateway","/404":"cegateway","/acc/[id]":"cegateway","/acc/schedule-oil-change":"cecxo","/account/*":"cegateway","/all-departments":"cegateway","/browse/*":"cegateway","/c/[...seo]":"cegateway","/c/auto-directory/*":"cegateway","/ci-control":"cegateway","/cp/[...categoryParams]":"cegateway","/content/[...categoryParams]":"cegateway","/brand/[...brandParams]":"cegateway","/brand/branddirectory":"cegateway","/help/*":"cegateway","/i/*":"cegateway","/ip/[...itemParams]":"cegateway","/lists/*":"cegateway","/my-items":"cegateway","/my-registries":"cegateway","/shop/*":"cegateway","/shop/[...seo]":"cegateway","/nonprofits/*":"cegateway","/orders/*":"ceorders","/partner/plus/*":"cegateway","/plus/*":"cegateway","/wp/*":"cegateway","/product/[...itemParams]":"cegateway","/registry/*":"cegateway","/reviews/*":"cegateway","/search/*":"cegateway","/seller/*":"cegateway","/services":"cegateway","/store":"cegateway","/store/[storeId]":"cegateway","/store/[storeId]/[...contentType]":"cegateway","/sparkgood/*":"cegateway","/organizations/*":"cegateway","/thankyou":"cecxo","/thankyou/pindrop":"cecxo","/topic/[...seo]":"cegateway","/tp/*":"cegateway","/update-payment-method-form":"cegateway","/update-payment-method":"cegateway","/wallet/associate-discount":"cegateway","/subscriptions/manage":"cegateway","/cart":"cecxo","/pac":"cecxo","/updatecart":"cecxo","/shopwithme/*":"cegateway","/rewards-history":"cegateway","/global/*":"cegateway","/global/[...seo]":"cegateway","/live":"cegateway","/live-next":"cegateway","/live-next/browse":"cegateway","/savings":"cegateway","/cash-overview":"cegateway","/in-store-wifi/*":"cegateway","/live-next/shows":"cegateway","/g/*":"cegateway","/g/[...seo]":"cegateway","/gic":"cegateway","/fittingroom":"cegateway","/protection-plans":"cecph","/inhome/*":"cegateway","/user-query":"cecxo","/assistant":"cecxo"}},"googleMaps":{"checkAddressAPIKey":"AIzaSyCX5gh3yoq4316wUDxRpljFOwWA6_-BEMg","addressAPIKey":"AIzaSyBIAnB1a3UejjFVRNtszhaEE8yrKySRTEo","geoCodingAPIKey":"AIzaSyBvv63fBVZ1RtNJLGkN9XCFE1WfVl0o1HY","riseMapAPIKey":{"dev":"AIzaSyA9K6pBcYvCp4_FxKHsPi-JDJfvcvSbtp0","defaultKey":"AIzaSyA0Gi6N7afDzAqBiPI3MlWDMaaxC5xKldM"}},"membershipConfig":{"showWPlusBanner":true},"pulseBeacon":{"enable":true,"hostname":"i5.walmartimages.com","bd":"beacon.walmart.com","bh":"beacon.lightestwithqm.walmart.com","hostWithQM":"beacon.lightestwithqm.walmart.com","hostWithoutQM":"beacon.lightest.walmart.com","photoHost":"beacon.photowithqm.walmart.com","photoHostWithoutQM":"beacon.photo.walmart.com"},"perimeterX":{"enable":true,"initScript":"https://www.walmart.com/px/PXu6b0qd2S/init.js"},"identity":{"context":{"signOutUrl":"/account/logout","signInPathname":"/account/login","createAccountPathname":"/account/signup","tenants":[{"host":{"stage":"business-stage.walmart.com","teflon":"business-teflon.walmart.com","production":"business.walmart.com"},"mart":"B2B","templates":["B2BSignUpPage","B2BSignInPage","B2BSignInWithPasswordOnlyPage","B2BSignInWithOTPChoicePage","B2BSignInWithOTPOnlyPage"]}],"marketingEmails":true,"rightsReservedText":"","footerOptions":[],"termsLink":"","privacyLink":""},"authFrameRoutes":{"frame":"/account/login","reauthFrame":"/account/login","gxoSignup":"/account/signup/gxo","gxoSignin":"/account/login"}},"threatMetrix":{"enable":true},"paymentsPageUrl":"https://wallet.walmart.com/payments?wv=main","paymentsChooserPageUrl":"https://wallet.walmart.com/payments/chooser","walletPageUrl":"https://wallet.walmart.com/payments/wallet","ads":{"env":"production","host":"https://www.walmart.com","moatId":"WALMART_DISPLAY_S2S1","moatVideoId":"WALMART_VIDEO_S2S1"},"moatIvt":"https://www.walmart.com/swag/v2/ip-rd","rewardsTravelUrl":"https://walmartplustravel.com/trips","appVersion":"us-web-1.104.4-c58d431eba530d8e7fb2d4a90a93a0a51ed5a9ef-1113","appSha":"c58d431eba530d8e7fb2d4a90a93a0a51ed5a9ef","profile":"production","tmxOrgId":"hgy2n0ks","dataCenter":"wus2","queryContext":{"appVersion":"us-web-1.104.4-c58d431eba530d8e7fb2d4a90a93a0a51ed5a9ef-1113","gql":{"endpointsByName":{"ceaccount":"/orchestra/account/graphql","cecxo":"/orchestra/cartxo/graphql","cecph":"/orchestra/cph/graphql","adsgateway":"/swag/graphql","aroundme":"/around-me/graphql","ceorders":"/orchestra/orders/graphql","cegateway":"/orchestra/home/graphql","cepdp":"/orchestra/pdp/graphql","wellness":"https://developer.api.us2.walmart.com/api-proxy/service/hw/wellnessplusservice/v1/graphql","cereturns":"/orchestra/orders/graphql"}},"rest":{"endpointsByName":{"cereturns":"/orchestra/api/returns","ceaccount":"/orchestra/api/account","cehelp":"/orchestra/help/api","cehelpchat":"/orchestra/helpChat/api","ceidentity":"/orchestra/account/electrode/api/identity","typeahead":"/typeahead/v3/complete","espvalidation":"/esp/prepaid/v1/plans","warppaymentoptions":"/orchestra/api/online/variantbasic/item","cewarp":"/orchestra/api/warp","ceccm":"/orchestra/api/ccm/v2/bootstrap","ceccm2":"/orchestra/api/ccm/v2/bootstrap","cewireless":"/orchestra/api/wireless","storeservices":"/graphql","fuelPrices":"/graphql","feedbackSubmit":"/orchestra/api/customer-survey/submit","quimbyMobile":"/orchestra/api/tempo","shopwithme":"/feeds"}}}},"isFallback":false,"dynamicIds":[613480,23530,689200,798519,613844,721073],"customServer":true,"gip":true,"appGip":true,"locale":"en","locales":["en","es"],"defaultLocale":"en","scriptLoader":[]}</script><script id="release-metadata" type="application/json" nonce="FUM0e-bhCe9pB-0r">{"appVersion":"us-web-1.104.4-c58d431eba530d8e7fb2d4a90a93a0a51ed5a9ef-1113","dataCenter":"wus2"}</script><script nonce="FUM0e-bhCe9pB-0r">window.SW_DOMAIN = "walmart.com"</script><script nonce="FUM0e-bhCe9pB-0r">(function(e){var t=e.document;BOOMR=e.BOOMR||{};BOOMR.plugins=BOOMR.plugins||{};var n={localStorageTestKey:"TorbitLSTest",pageTags:[],pageConversions:[],initHasRun:false};BOOMR.plugins.pageMeta={init:function(r){initHasRun=true;try{localStorage.setItem(n.localStorageTestKey,n.localStorageTestKey);localStorage.removeItem(n.localStorageTestKey);BOOMR.addVar("ls",1)}catch(i){BOOMR.addVar("ls",0)}if(e.location.protocol=="https:")BOOMR.addVar("prt",1);else BOOMR.addVar("prt",0);BOOMR.addVar("ref",t.referrer);if(e.performance&&e.performance.memory){for(m_name in e.performance.memory){if(e.performance.memory.hasOwnProperty(m_name)){BOOMR.addVar(m_name,e.performance.memory[m_name])}}}BOOMR.addVar("wH",e.innerHeight||t.body.clientHeight||t.documentElement.clientHeight);BOOMR.addVar("tags",n.pageTags.join("|"));return this},addTag:function(e){n.pageTags.push(e);if(!n.initHasRun){return}BOOMR.addVar("tags",n.pageTags.join("|"))},addConversion:function(e,t){var r=e;if(t&&(t>0||t.length>0))r=e+"="+t;n.pageConversions.push(r);BOOMR.addVar("conversion",n.pageConversions.join("|"))},is_complete:function(){return true}}})(window);(function(e){try{e._tbq=e._tbq||[];_tbq.push=function(e){if(e.length<1||!e[0])return;switch(e[0]){case"tag":if(e.length<2)return;BOOMR.plugins.pageMeta.addTag(e[1]);break;case"startTimer":if(e.length<2)return;BOOMR.plugins.customEvents.startTimer(e[1]);break;case"endTimer":if(e.length<2)return;BOOMR.plugins.customEvents.endTimer(e[1]);break}};for(i in _tbq){if(_tbq.hasOwnProperty(i)&&i!="push"){_tbq.push(_tbq[i]);delete _tbq[i]}}}catch(t){}})(window);</script><script nonce="FUM0e-bhCe9pB-0r">window._pxAppId = 'PXu6b0qd2S'</script><script async="async" defer="defer" src="/px/PXu6b0qd2S/init.js" nonce="FUM0e-bhCe9pB-0r"></script></body></html>