[
  {
    "external_id": "6GFFVF9I03TZ",
    "image_url": "https://i5.walmartimages.com/seo/Chamberlain-Coffee-Salted-Caramel-Oat-Milk-Latte-11-fl-oz-Can-Shelf-Stable_24e71b1a-6ad1-4a86-93a1-ec72e4dab580.b7da60913267bfda660ed02c13fd0f6f.png?odnHeight=180&odnWidth=180&odnBg=FFFFFF",
    "name": "Chamberlain Coffee Salted Caramel Oat Milk Latte, 11 fl oz Can (Shelf Stable)",
    "tmp_canonical_url": "/ip/Chamberlain-Coffee-Salted-Caramel-Oat-Milk-Latte-11-fl-oz-Can-Shelf-Stable/2101666547",
    "tmp_display_price": "$2.98 (27.1 ¢/fl oz per unit)",
    "tmp_in_stock": true,
    "tmp_price": 2.98,
    "tmp_shelf_location": null,
    "vendor_id": "9ba61ee7-1713-4bc3-9748-df4cd42b48b5"
  },
  {
    "external_id": "6HDPM1NODW1Z",
    "image_url": "https://i5.walmartimages.com/seo/La-Colombe-Draft-Latte-Cold-Pressed-Espresso-Coffee-Drink-Mocha-4-Pack_77b7d540-1a01-4617-8c15-d1ba4483aa5e.f5d6429bd73220da193a560f9fef80b0.jpeg?odnHeight=180&odnWidth=180&odnBg=FFFFFF",
    "name": "La Colombe Draft Latte, Cold-Pressed Espresso Coffee Drink, Mocha (4-Pack)",
    "tmp_canonical_url": "/ip/La-Colombe-Draft-Latte-Cold-Pressed-Espresso-Coffee-Drink-Mocha-4-Pack/519063463",
    "tmp_display_price": "$10.33 (28.7 ¢/fl oz per unit)",
    "tmp_in_stock": true,
    "tmp_price": 10.33,
    "tmp_shelf_location": null,
    "vendor_id": "9ba61ee7-1713-4bc3-9748-df4cd42b48b5"
  },
  {
    "external_id": "0ZOJI06SL8FP",
    "image_url": "https://i5.walmartimages.com/seo/La-Colombe-Vanilla-Draft-Latte-Coffee-Drink-9-Fluid-Ounce-4-Count_136d49d9-0e9b-4273-b974-03d30c06d2f2.349a3260e4e593fc765ecead107998ec.jpeg?odnHeight=180&odnWidth=180&odnBg=FFFFFF",
    "name": "La Colombe Vanilla Draft Latte Coffee Drink - 9 Fluid Ounce, 4 Count",
    "tmp_canonical_url": "/ip/La-Colombe-Vanilla-Draft-Latte-Coffee-Drink-9-Fluid-Ounce-4-Count/700734284",
    "tmp_display_price": "$10.33 (28.7 ¢/oz per unit)",
    "tmp_in_stock": true,
    "tmp_price": 10.33,
    "tmp_shelf_location": null,
    "vendor_id": "9ba61ee7-1713-4bc3-9748-df4cd42b48b5"
  },
  {
    "external_id": "7AJK5JO3NQ1V",
    "image_url": "https://i5.walmartimages.com/seo/Tim-Hortons-Mocha-Cereal-Cold-Brew-Coffee-Concentrate-100-Arabica-Medium-Roast-32-oz_ffa1c65b-b64c-4fb3-b128-eff57f57b25e.ab86dcbda57385d81b969c0372f14a01.jpeg?odnHeight=180&odnWidth=180&odnBg=FFFFFF",
    "name": "Tim Hortons Mocha Cereal Cold Brew Coffee Concentrate, 100% Arabica Medium Roast, 32 oz",
    "tmp_canonical_url": "/ip/Tim-Hortons-Mocha-Cereal-Cold-Brew-Coffee-Concentrate-100-Arabica-Medium-Roast-32-oz/1398605674",
    "tmp_display_price": "$7.98 (24.9 ¢/oz per unit)",
    "tmp_in_stock": true,
    "tmp_price": 7.98,
    "tmp_shelf_location": null,
    "vendor_id": "9ba61ee7-1713-4bc3-9748-df4cd42b48b5"
  },
  {
    "external_id": "2ZD78AI6W7W5",
    "image_url": "https://i5.walmartimages.com/asr/4cc0c062-b9ff-4581-a9fc-b25eb61485d1.1780e8421cda6552b653784a59c39a3b.jpeg?odnHeight=180&odnWidth=180&odnBg=ffffff",
    "name": "SToK Black, Unsweetened, Medium Roast Arabica-Based Blend Cold Brew Coffee, 48 fl oz Bottle",
    "tmp_canonical_url": "/ip/SToK-Black-Unsweetened-Medium-Roast-Arabica-Based-Blend-Cold-Brew-Coffee-48-fl-oz-Bottle/52694732?athbdg=L1200",
    "tmp_display_price": "$5.86 (12.2 ¢/fl oz per unit)",
    "tmp_in_stock": true,
    "tmp_price": 5.86,
    "tmp_shelf_location": null,
    "vendor_id": "9ba61ee7-1713-4bc3-9748-df4cd42b48b5"
  },
  {
    "external_id": "6JV7R7YTCBC8",
    "image_url": "https://i5.walmartimages.com/asr/8d227a07-6801-4b57-acdf-e68a2d59eb81.a8a5e39a145ee43106ca2311f18c0454.jpeg?odnHeight=180&odnWidth=180&odnBg=ffffff",
    "name": "International Delight Caramel Macchiato Iced Coffee, 64 Oz.",
    "tmp_canonical_url": "/ip/International-Delight-Caramel-Macchiato-Iced-Coffee-64-Oz/37911609?athbdg=L1600",
    "tmp_display_price": "$4.82 (7.5 ¢/fl oz per unit)",
    "tmp_in_stock": true,
    "tmp_price": 4.82,
    "tmp_shelf_location": null,
    "vendor_id": "9ba61ee7-1713-4bc3-9748-df4cd42b48b5"
  },
  {
    "external_id": "63AHO6IP0KG6",
    "image_url": "https://i5.walmartimages.com/asr/a15f1f1c-4730-42c7-b0e2-a467911b544e.b0de92b885d89e12fa514c5a9f80d913.jpeg?odnHeight=180&odnWidth=180&odnBg=ffffff",
    "name": "International Delight Mocha Iced Coffee, 64 Oz.",
    "tmp_canonical_url": "/ip/International-Delight-Mocha-Iced-Coffee-64-Oz/19856851",
    "tmp_display_price": "$4.82 (7.5 ¢/fl oz per unit)",
    "tmp_in_stock": true,
    "tmp_price": 4.82,
    "tmp_shelf_location": null,
    "vendor_id": "9ba61ee7-1713-4bc3-9748-df4cd42b48b5"
  },
  {
    "external_id": "1NVR0YKQQGUK",
    "image_url": "https://i5.walmartimages.com/asr/44febc8e-1b52-4ba7-9f46-0eb25157662c.156855118302508389dfe11c3b0ad313.jpeg?odnHeight=180&odnWidth=180&odnBg=ffffff",
    "name": "Starbucks Iced Espresso Caramel Macchiato Premium Iced Coffee Drink, 40 oz Bottle",
    "tmp_canonical_url": "/ip/Starbucks-Iced-Espresso-Caramel-Macchiato-Premium-Iced-Coffee-Drink-40-oz-Bottle/49769654?athbdg=L1600",
    "tmp_display_price": "$6.28 (15.7 ¢/fl oz per unit)",
    "tmp_in_stock": true,
    "tmp_price": 6.28,
    "tmp_shelf_location": null,
    "vendor_id": "9ba61ee7-1713-4bc3-9748-df4cd42b48b5"
  },
  {
    "external_id": "1IKFJ5BT7QQD",
    "image_url": "https://i5.walmartimages.com/asr/862c8844-e76e-4a1c-8f53-abbabc3f697b.9e7d5c989df2c1da5427b9658dd95ffb.jpeg?odnHeight=180&odnWidth=180&odnBg=ffffff",
    "name": "(2 pack) Black Rifle Coffee Company Vanilla Bomb Cold Brew Coffee, Multi-Serve Concentrate, 32 oz",
    "tmp_canonical_url": "/ip/Black-Rifle-Coffee-Company-Vanilla-Bomb-Cold-Brew-Coffee-Multi-Serve-Concentrate-32-oz-2-pack/5045977696?athbdg=L1800",
    "tmp_display_price": "Now $13.97 (43.7 ¢/fl oz per unit)",
    "tmp_in_stock": true,
    "tmp_price": 13.97,
    "tmp_shelf_location": null,
    "vendor_id": "9ba61ee7-1713-4bc3-9748-df4cd42b48b5"
  },
  {
    "external_id": "6X199ZY7I36O",
    "image_url": "https://i5.walmartimages.com/asr/dbc7ccef-76bd-4112-a55c-1ac1904d7799.61c739042cc688beb195380168947c36.jpeg?odnHeight=180&odnWidth=180&odnBg=ffffff",
    "name": "Starbucks Iced Coffee Unsweetened Medium Roast, 48 fl oz",
    "tmp_canonical_url": "/ip/Starbucks-Iced-Coffee-Unsweetened-Medium-Roast-48-fl-oz/37402740?athbdg=L1600",
    "tmp_display_price": "$6.28 (13.1 ¢/fl oz per unit)",
    "tmp_in_stock": true,
    "tmp_price": 6.28,
    "tmp_shelf_location": null,
    "vendor_id": "9ba61ee7-1713-4bc3-9748-df4cd42b48b5"
  },
  {
    "external_id": "2EHOTMGENCD6",
    "image_url": "https://i5.walmartimages.com/seo/Tim-Hortons-Medium-Blend-Black-Cold-Brew-Coffee-Concentrate-100-Arabica-Medium-Roast-32-oz_5ae62760-1824-46cf-b87d-b80fcb454001.fe72ebbb5a5e762d0619b29067e5d2df.jpeg?odnHeight=180&odnWidth=180&odnBg=FFFFFF",
    "name": "Tim Hortons Medium Blend Black Cold Brew Coffee Concentrate, 100% Arabica Medium Roast, 32 oz",
    "tmp_canonical_url": "/ip/Tim-Hortons-Medium-Blend-Black-Cold-Brew-Coffee-Concentrate-100-Arabica-Medium-Roast-32-oz/3505762635",
    "tmp_display_price": "$7.98 (24.9 ¢/oz per unit)",
    "tmp_in_stock": true,
    "tmp_price": 7.98,
    "tmp_shelf_location": null,
    "vendor_id": "9ba61ee7-1713-4bc3-9748-df4cd42b48b5"
  },
  {
    "external_id": "23WNQ31KV1K8",
    "image_url": "https://i5.walmartimages.com/seo/Tim-Hortons-Birthday-Cake-Cold-Brew-Coffee-Concentrate-100-Arabica-Medium-Roast-32-oz_66cd4536-cb5b-41cb-8f89-c3be6f45ae4e.8ab873014d28bb03654d9a28a1159171.jpeg?odnHeight=180&odnWidth=180&odnBg=FFFFFF",
    "name": "Tim Hortons Birthday Cake Cold Brew Coffee Concentrate, 100% Arabica Medium Roast, 32 oz",
    "tmp_canonical_url": "/ip/Tim-Hortons-Birthday-Cake-Cold-Brew-Coffee-Concentrate-100-Arabica-Medium-Roast-32-oz/1245100427",
    "tmp_display_price": "$7.98 (24.9 ¢/oz per unit)",
    "tmp_in_stock": true,
    "tmp_price": 7.98,
    "tmp_shelf_location": null,
    "vendor_id": "9ba61ee7-1713-4bc3-9748-df4cd42b48b5"
  },
  {
    "external_id": "2L6A5W1PX7MI",
    "image_url": "https://i5.walmartimages.com/asr/28115d4d-ff8a-43d6-8595-1f8db5d8e1c1.9b1cc39de285fdd2b886e9cd5e22a05d.jpeg?odnHeight=180&odnWidth=180&odnBg=ffffff",
    "name": "International Delight Vanilla Iced Coffee, 64 Oz.",
    "tmp_canonical_url": "/ip/International-Delight-Vanilla-Iced-Coffee-64-Oz/19856850",
    "tmp_display_price": "$4.82 (7.5 ¢/fl oz per unit)",
    "tmp_in_stock": true,
    "tmp_price": 4.82,
    "tmp_shelf_location": null,
    "vendor_id": "9ba61ee7-1713-4bc3-9748-df4cd42b48b5"
  },
  {
    "external_id": "19LFTB92W5AM",
    "image_url": "https://i5.walmartimages.com/asr/48de7d77-928e-4de4-b91b-4f7f26d856c8.9d0bd51f1d00b86bf067c46535ccae1f.jpeg?odnHeight=180&odnWidth=180&odnBg=ffffff",
    "name": "Starbucks Iced Espresso Vanilla Latte Iced Coffee Drink, 40 oz Bottle",
    "tmp_canonical_url": "/ip/Starbucks-Iced-Espresso-Vanilla-Latte-Iced-Coffee-Drink-40-oz-Bottle/49769655?athbdg=L1600",
    "tmp_display_price": "$6.28 (15.7 ¢/fl oz per unit)",
    "tmp_in_stock": true,
    "tmp_price": 6.28,
    "tmp_shelf_location": null,
    "vendor_id": "9ba61ee7-1713-4bc3-9748-df4cd42b48b5"
  },
  {
    "external_id": "7C62W12I770P",
    "image_url": "https://i5.walmartimages.com/asr/9201b12c-714c-4de9-8e33-b9ca35beb710.2b4af31fa2a2ab333fd8cdeee28121ee.jpeg?odnHeight=180&odnWidth=180&odnBg=ffffff",
    "name": "SToK Black, Sweetened, Dark Roast Not Too Sweet Arabica-Based Blend Cold Brew Coffee, 48 fl oz Bottle",
    "tmp_canonical_url": "/ip/SToK-Black-Sweetened-Dark-Roast-Not-Too-Sweet-Arabica-Based-Blend-Cold-Brew-Coffee-48-fl-oz-Bottle/52694733?athbdg=L1600",
    "tmp_display_price": "$5.86 (12.2 ¢/fl oz per unit)",
    "tmp_in_stock": true,
    "tmp_price": 5.86,
    "tmp_shelf_location": null,
    "vendor_id": "9ba61ee7-1713-4bc3-9748-df4cd42b48b5"
  },
  {
    "external_id": "62Z9D5F2PAYR",
    "image_url": "https://i5.walmartimages.com/asr/9f9b9711-5dd8-4ec4-9ff9-1514156e3cb4.9e832c5e142cf85d42b489ebeaab707d.jpeg?odnHeight=180&odnWidth=180&odnBg=ffffff",
    "name": "Black Rifle Coffee Company Just Black Cold Brew Coffee, Multi-Serve Concentrate, 32 oz",
    "tmp_canonical_url": "/ip/Black-Rifle-Coffee-Company-Just-Black-Cold-Brew-Coffee-Multi-Serve-Concentrate-32-oz/1712294621",
    "tmp_display_price": "$9.98 (31.2 ¢/fl oz per unit)",
    "tmp_in_stock": true,
    "tmp_price": 9.98,
    "tmp_shelf_location": null,
    "vendor_id": "9ba61ee7-1713-4bc3-9748-df4cd42b48b5"
  },
  {
    "external_id": "5UGXANFXVJBA",
    "image_url": "https://i5.walmartimages.com/asr/71a47b14-f796-43ca-8afc-88c4cb3bb887_1.854a86629fd5eb463d754a2f17fb83cc.jpeg?odnHeight=180&odnWidth=180&odnBg=ffffff",
    "name": "Starbucks Frappuccino Vanilla Chilled Coffee Drink, 9.5 fl oz, 4 count",
    "tmp_canonical_url": "/ip/Starbucks-Frappuccino-Vanilla-Chilled-Coffee-Drink-9-5-fl-oz-4-count/11964579",
    "tmp_display_price": "$8.12 (21.4 ¢/fl oz per unit)",
    "tmp_in_stock": true,
    "tmp_price": 8.12,
    "tmp_shelf_location": null,
    "vendor_id": "9ba61ee7-1713-4bc3-9748-df4cd42b48b5"
  },
  {
    "external_id": "4OYMEONPJPXT",
    "image_url": "https://i5.walmartimages.com/asr/e2073c7e-365e-4802-88ae-6faaa713d42c.77e844a49731bec43746de7c2a4672fc.jpeg?odnHeight=180&odnWidth=180&odnBg=ffffff",
    "name": "Starbucks Frappuccino Caramel Iced Coffee, 9.5 oz, 4 Pack Bottles",
    "tmp_canonical_url": "/ip/Starbucks-Frappuccino-Caramel-Iced-Coffee-9-5-oz-4-Pack-Bottles/11961000",
    "tmp_display_price": "$8.12 (21.4 ¢/fl oz per unit)",
    "tmp_in_stock": true,
    "tmp_price": 8.12,
    "tmp_shelf_location": null,
    "vendor_id": "9ba61ee7-1713-4bc3-9748-df4cd42b48b5"
  },
  {
    "external_id": "37F4FEMHS08Z",
    "image_url": "https://i5.walmartimages.com/asr/1bd92dc5-2a13-4368-8248-94eb32527dfe.48541496feeb1b2c5717f54a9ae9ae44.jpeg?odnHeight=180&odnWidth=180&odnBg=ffffff",
    "name": "Starbucks Iced Coffee Premium Coffee Beverage Unsweetened Blonde Roast 48 fl oz Bottle",
    "tmp_canonical_url": "/ip/Starbucks-Iced-Coffee-Premium-Coffee-Beverage-Unsweetened-Blonde-Roast-48-fl-oz-Bottle/160046791?athbdg=L1600",
    "tmp_display_price": "$6.28 (13.1 ¢/fl oz per unit)",
    "tmp_in_stock": true,
    "tmp_price": 6.28,
    "tmp_shelf_location": null,
    "vendor_id": "9ba61ee7-1713-4bc3-9748-df4cd42b48b5"
  },
  {
    "external_id": "5KGLJIYH4B6R",
    "image_url": "https://i5.walmartimages.com/asr/31466597-f19e-4773-b558-b9fbf595da70_1.e0c2508f937507e96da002ecccf13731.jpeg?odnHeight=180&odnWidth=180&odnBg=ffffff",
    "name": "Starbucks Frappuccino Mocha Iced Coffee, 9.5 oz, 4 Pack Bottles",
    "tmp_canonical_url": "/ip/Starbucks-Frappuccino-Mocha-Iced-Coffee-9-5-oz-4-Pack-Bottles/11964578",
    "tmp_display_price": "$8.12 (21.4 ¢/fl oz per unit)",
    "tmp_in_stock": true,
    "tmp_price": 8.12,
    "tmp_shelf_location": null,
    "vendor_id": "9ba61ee7-1713-4bc3-9748-df4cd42b48b5"
  },
  {
    "external_id": "5PEJUQL61XBA",
    "image_url": "https://i5.walmartimages.com/seo/Pop-Bottle-Super-Concentrated-Caramel-Cold-Brew-Shelf-Stable-Ambient-8-fl-oz_973de797-c6df-4b27-9dd5-046d5223e3d4.25990ced216310ee5efca3251f8de206.jpeg?odnHeight=180&odnWidth=180&odnBg=FFFFFF",
    "name": "Pop & Bottle Super Concentrated Caramel Cold Brew, Shelf-Stable/ Ambient, 8 fl oz",
    "tmp_canonical_url": "/ip/Pop-Bottle-Super-Concentrated-Caramel-Cold-Brew-Shelf-Stable-Ambient-8-fl-oz/3025452474",
    "tmp_display_price": "$12.98 ($1.62/fl oz per unit)",
    "tmp_in_stock": true,
    "tmp_price": 12.98,
    "tmp_shelf_location": null,
    "vendor_id": "9ba61ee7-1713-4bc3-9748-df4cd42b48b5"
  },
  {
    "external_id": "48T2MQJOYEWL",
    "image_url": "https://i5.walmartimages.com/seo/Pop-Bottle-Vanilla-Oat-Milk-Latte-Collagen-Organic-Shelf-Stable-Ambient-8-fl-oz_8c2e8e43-b3c7-4fa0-862b-0bd189fbfe96.e09c90116345b4522df9ef0d711fe86d.jpeg?odnHeight=180&odnWidth=180&odnBg=FFFFFF",
    "name": "Pop & Bottle Vanilla Oat Milk Latte + Collagen, Organic, Shelf-Stable/ Ambient, 8 fl oz",
    "tmp_canonical_url": "/ip/Pop-Bottle-Vanilla-Oat-Milk-Latte-Collagen-Organic-Shelf-Stable-Ambient-8-fl-oz/720180421",
    "tmp_display_price": "$2.98 (37.3 ¢/fl oz per unit)",
    "tmp_in_stock": true,
    "tmp_price": 2.98,
    "tmp_shelf_location": null,
    "vendor_id": "9ba61ee7-1713-4bc3-9748-df4cd42b48b5"
  },
  {
    "external_id": "5I1E117DJKBK",
    "image_url": "https://i5.walmartimages.com/asr/eccbbb55-0d02-48c4-ab38-0f50243e0078.a801bb8f2a99e8b030979c9e17573db8.jpeg?odnHeight=180&odnWidth=180&odnBg=ffffff",
    "name": "Java Monster Nitro Cold Brew Sweet Black, Coffee + Energy, 13.5 fl oz, (12 Cans)",
    "tmp_canonical_url": "/ip/Java-Monster-Nitro-Cold-Brew-Sweet-Black-Coffee-Energy-13-5-fl-oz-12-Cans/327396455?athbdg=L1800",
    "tmp_display_price": "Now $9.98 (6.2 ¢/fl oz per unit)",
    "tmp_in_stock": true,
    "tmp_price": 9.98,
    "tmp_shelf_location": null,
    "vendor_id": "9ba61ee7-1713-4bc3-9748-df4cd42b48b5"
  },
  {
    "external_id": "40UAT1H7OZUH",
    "image_url": "https://i5.walmartimages.com/asr/8900973c-d02a-4f7c-bd57-05544f58ace1.f3d0bec7fa5fc065880828d8ad6d1fcd.png?odnHeight=180&odnWidth=180&odnBg=ffffff",
    "name": "Victor Allen's Snickers Iced Coffee Latte, Ready to Drink, 13.7 oz Bottles",
    "tmp_canonical_url": "/ip/Victor-Allen-s-Snickers-Iced-Coffee-Latte-Ready-to-Drink-13-7-oz-Bottles/1970110400?athbdg=L1600",
    "tmp_display_price": "$2.98 (21.8 ¢/fl oz per unit)",
    "tmp_in_stock": true,
    "tmp_price": 2.98,
    "tmp_shelf_location": null,
    "vendor_id": "9ba61ee7-1713-4bc3-9748-df4cd42b48b5"
  },
  {
    "external_id": "5NTNIUKAAT5Y",
    "image_url": "https://i5.walmartimages.com/asr/38943f9f-1721-4222-a311-2e3ee9466906.f37cf7891c23adddaa2fa65e4b8667ff.jpeg?odnHeight=180&odnWidth=180&odnBg=ffffff",
    "name": "Great Value Donut Shop Cold Brew Coffee Concentrate, 32 fl oz",
    "tmp_canonical_url": "/ip/Great-Value-Donut-Shop-Cold-Brew-Coffee-Concentrate-32-fl-oz/311655964",
    "tmp_display_price": "$4.42 (13.8 ¢/fl oz per unit)",
    "tmp_in_stock": true,
    "tmp_price": 4.42,
    "tmp_shelf_location": null,
    "vendor_id": "9ba61ee7-1713-4bc3-9748-df4cd42b48b5"
  },
  {
    "external_id": "68MLX63KYHOK",
    "image_url": "https://i5.walmartimages.com/asr/0e28fa3c-42be-4447-9d42-74e29492a8d0.04ff2e31c41ea85c902b25e36fef3882.jpeg?odnHeight=180&odnWidth=180&odnBg=ffffff",
    "name": "Black Rifle Coffee Company Pumpkin Spice Cold Brew Coffee, Multi-Serve Concentrate, 32 oz",
    "tmp_canonical_url": "/ip/Black-Rifle-Coffee-Company-Pumpkin-Spice-Cold-Brew-Coffee-Multi-Serve-Concentrate-32-oz/2134261870",
    "tmp_display_price": "$9.98 (31.2 ¢/fl oz per unit)",
    "tmp_in_stock": true,
    "tmp_price": 9.98,
    "tmp_shelf_location": null,
    "vendor_id": "9ba61ee7-1713-4bc3-9748-df4cd42b48b5"
  },
  {
    "external_id": "2X80MM10ATH3",
    "image_url": "https://i5.walmartimages.com/asr/07eecf5a-fda2-45ba-bcf2-585139a144d7.c20739fd098f57ef14590de77a3e940f.png?odnHeight=180&odnWidth=180&odnBg=ffffff",
    "name": "Victor Allen's Coffee Twix Iced Coffee Latte, Ready to Drink, 13.7 oz Bottles",
    "tmp_canonical_url": "/ip/Victor-Allen-s-Coffee-Twix-Iced-Coffee-Latte-Ready-to-Drink-13-7-oz-Bottles/1396635566",
    "tmp_display_price": "$2.98 (21.8 ¢/fl oz per unit)",
    "tmp_in_stock": true,
    "tmp_price": 2.98,
    "tmp_shelf_location": null,
    "vendor_id": "9ba61ee7-1713-4bc3-9748-df4cd42b48b5"
  },
  {
    "external_id": "6LPD12WHLQBQ",
    "image_url": "https://i5.walmartimages.com/asr/f1de4d3a-faa6-4fe9-8271-e498d5591bdd.8c11f440a0e835ab1fdba56136c0e4fc.jpeg?odnHeight=180&odnWidth=180&odnBg=ffffff",
    "name": "Dunkin' Mocha, Iced Bottled Coffee Drink, 13.7 fl oz",
    "tmp_canonical_url": "/ip/Dunkin-Mocha-Iced-Bottled-Coffee-Drink-13-7-fl-oz/130565763",
    "tmp_display_price": "$2.92",
    "tmp_in_stock": true,
    "tmp_price": 2.92,
    "tmp_shelf_location": null,
    "vendor_id": "9ba61ee7-1713-4bc3-9748-df4cd42b48b5"
  },
  {
    "external_id": "4J2ZXMOP8GW9",
    "image_url": "https://i5.walmartimages.com/asr/c6b6d8c2-2918-4608-adb4-b2ba5721609e.0d932707ebde17e0f83167932fa661c4.jpeg?odnHeight=180&odnWidth=180&odnBg=ffffff",
    "name": "Starbucks Iced Coffee Beverage, Dark Roast, 48 fl oz",
    "tmp_canonical_url": "/ip/Starbucks-Iced-Coffee-Beverage-Dark-Roast-48-fl-oz/187015522",
    "tmp_display_price": "$6.28 (13.1 ¢/fl oz per unit)",
    "tmp_in_stock": true,
    "tmp_price": 6.28,
    "tmp_shelf_location": null,
    "vendor_id": "9ba61ee7-1713-4bc3-9748-df4cd42b48b5"
  },
  {
    "external_id": "7541D0UMKS09",
    "image_url": "https://i5.walmartimages.com/asr/a00c73ac-91f7-4753-a34d-b95a984c82e5.57f9a23a51d7a019591c3ba9a86b6274.jpeg?odnHeight=180&odnWidth=180&odnBg=ffffff",
    "name": "Black Rifle Coffee Company Salty Caramel Cold Brew Coffee, Multi-Serve Concentrate, 32 oz",
    "tmp_canonical_url": "/ip/Black-Rifle-Coffee-Company-Salty-Caramel-Cold-Brew-Coffee-Multi-Serve-Concentrate-32-oz/3335351688",
    "tmp_display_price": "$9.98 (31.2 ¢/fl oz per unit)",
    "tmp_in_stock": true,
    "tmp_price": 9.98,
    "tmp_shelf_location": null,
    "vendor_id": "9ba61ee7-1713-4bc3-9748-df4cd42b48b5"
  },
  {
    "external_id": "33CZ2GUPWY82",
    "image_url": "https://i5.walmartimages.com/seo/Pop-Bottle-Caramel-Oat-Milk-Latte-with-Lion-s-Mane-and-Reishi-Organic-8-fl-oz_c06cab89-e753-4792-bf64-e0f7395b671a.784b31824fa9d8acb0c0a5ca10a1bb81.jpeg?odnHeight=180&odnWidth=180&odnBg=FFFFFF",
    "name": "Pop & Bottle Caramel Oat Milk Latte with Lion's Mane and Reishi, Organic, 8 fl oz",
    "tmp_canonical_url": "/ip/Pop-Bottle-Caramel-Oat-Milk-Latte-with-Lion-s-Mane-and-Reishi-Organic-8-fl-oz/902215059",
    "tmp_display_price": "$2.98 (37.3 ¢/fl oz per unit)",
    "tmp_in_stock": true,
    "tmp_price": 2.98,
    "tmp_shelf_location": null,
    "vendor_id": "9ba61ee7-1713-4bc3-9748-df4cd42b48b5"
  },
  {
    "external_id": "2VK22Z6RDUYA",
    "image_url": "https://i5.walmartimages.com/seo/Tim-Hortons-Cinnamon-Swirl-Cold-Brew-Coffee-Concentrate-100-Arabica-Medium-Roast-32-oz_1597d7a6-903e-4cdb-8b5d-9336e017ed47.bcdc770f4cf8f316208595eeae23fbd1.jpeg?odnHeight=180&odnWidth=180&odnBg=FFFFFF",
    "name": "Tim Hortons Cinnamon Swirl Cold Brew Coffee Concentrate, 100% Arabica Medium Roast, 32 oz",
    "tmp_canonical_url": "/ip/Tim-Hortons-Cinnamon-Swirl-Cold-Brew-Coffee-Concentrate-100-Arabica-Medium-Roast-32-oz/2465926903",
    "tmp_display_price": "$7.98 (24.9 ¢/oz per unit)",
    "tmp_in_stock": true,
    "tmp_price": 7.98,
    "tmp_shelf_location": null,
    "vendor_id": "9ba61ee7-1713-4bc3-9748-df4cd42b48b5"
  },
  {
    "external_id": "2E3LFGBS3LMS",
    "image_url": "https://i5.walmartimages.com/asr/a64006da-a513-4138-9a9e-11de9c6ae822.fb6906ceef0a0a688b641d9a1b558c1a.jpeg?odnHeight=180&odnWidth=180&odnBg=ffffff",
    "name": "Dunkin' French Vanilla, Iced Bottled Coffee Drink, 13.7 fl oz",
    "tmp_canonical_url": "/ip/Dunkin-French-Vanilla-Iced-Bottled-Coffee-Drink-13-7-fl-oz/55205040",
    "tmp_display_price": "$2.92 (21.3 ¢/fl oz per unit)",
    "tmp_in_stock": true,
    "tmp_price": 2.92,
    "tmp_shelf_location": null,
    "vendor_id": "9ba61ee7-1713-4bc3-9748-df4cd42b48b5"
  },
  {
    "external_id": "2CPZMHTE4185",
    "image_url": "https://i5.walmartimages.com/asr/cf6b2913-f32c-4d1e-9f84-44044e25c25d.d9531b0e8790d566c57dbd2a22b82d2d.jpeg?odnHeight=180&odnWidth=180&odnBg=ffffff",
    "name": "Starbucks Frappuccino Mocha Chilled Coffee Drink, 9.5 oz Glass Bottles, 12 count",
    "tmp_canonical_url": "/ip/Starbucks-Frappuccino-Mocha-Chilled-Coffee-Drink-9-5-oz-Glass-Bottles-12-count/42391045",
    "tmp_display_price": "$23.12 (20.3 ¢/fl oz per unit)",
    "tmp_in_stock": true,
    "tmp_price": 23.12,
    "tmp_shelf_location": null,
    "vendor_id": "9ba61ee7-1713-4bc3-9748-df4cd42b48b5"
  },
  {
    "external_id": "1CPK4C3E4E2S",
    "image_url": "https://i5.walmartimages.com/asr/66d80482-73ad-4926-97e1-74364d597db7.ea34e127ed9de70092919497237ea798.jpeg?odnHeight=180&odnWidth=180&odnBg=ffffff",
    "name": "Starbucks Frappuccino White Chocolate Mocha, 13.7 oz, 12 pack",
    "tmp_canonical_url": "/ip/Starbucks-Frappuccino-White-Chocolate-Mocha-13-7-oz-12-pack/2601000072?athbdg=L1800",
    "tmp_display_price": "Now $26.70 ($1.95/fl oz per unit)",
    "tmp_in_stock": true,
    "tmp_price": 26.7,
    "tmp_shelf_location": null,
    "vendor_id": "9ba61ee7-1713-4bc3-9748-df4cd42b48b5"
  },
  {
    "external_id": "63YLYKFOVA9Z",
    "image_url": "https://i5.walmartimages.com/asr/9a5464c5-0663-4fea-9132-8eda3d2d6578.b4f5193b1534bd2f65b0f9d4280066b2.jpeg?odnHeight=180&odnWidth=180&odnBg=ffffff",
    "name": "International Delight Grinch Peppermint Mocha Iced Coffee, 64 Oz.",
    "tmp_canonical_url": "/ip/International-Delight-Grinch-Peppermint-Mocha-Iced-Coffee-64-Oz/3611019672",
    "tmp_display_price": "$4.58 (7.2 ¢/fl oz per unit)",
    "tmp_in_stock": true,
    "tmp_price": 4.58,
    "tmp_shelf_location": null,
    "vendor_id": "9ba61ee7-1713-4bc3-9748-df4cd42b48b5"
  },
  {
    "external_id": "2N56RATICD08",
    "image_url": "https://i5.walmartimages.com/asr/f55334b8-a8ed-4e10-a34f-af2ad64501cb.78fd63f2e80663584a64259ac247c2b7.jpeg?odnHeight=180&odnWidth=180&odnBg=ffffff",
    "name": "Starbucks Coffee Drink Pink Drink Strawberry, 14 oz",
    "tmp_canonical_url": "/ip/Starbucks-Coffee-Drink-Pink-Drink-Strawberry-14-oz/2649058727",
    "tmp_display_price": "$3.18 (22.7 ¢/fl oz per unit)",
    "tmp_in_stock": true,
    "tmp_price": 3.18,
    "tmp_shelf_location": null,
    "vendor_id": "9ba61ee7-1713-4bc3-9748-df4cd42b48b5"
  },
  {
    "external_id": "3XYEHTBAZOVC",
    "image_url": "https://i5.walmartimages.com/asr/622b82e4-d716-4906-812d-e252197364e8.f24f78fc8cd1bb6600cbf937fb6f4cf9.jpeg?odnHeight=180&odnWidth=180&odnBg=ffffff",
    "name": "Starbucks Iced Coffee, Medium Roast Sweetened, 48 fl oz",
    "tmp_canonical_url": "/ip/Starbucks-Iced-Coffee-Medium-Roast-Sweetened-48-fl-oz/37402739",
    "tmp_display_price": "$6.28 (13.1 ¢/fl oz per unit)",
    "tmp_in_stock": true,
    "tmp_price": 6.28,
    "tmp_shelf_location": null,
    "vendor_id": "9ba61ee7-1713-4bc3-9748-df4cd42b48b5"
  },
  {
    "external_id": "1V5HG6D6ORO7",
    "image_url": "https://i5.walmartimages.com/asr/926f5a61-b2bf-4a05-9dd9-b07c96740952_1.2304c9cae6b27d1de63cb110f09a24de.jpeg?odnHeight=180&odnWidth=180&odnBg=ffffff",
    "name": "Starbucks Frappuccino Caramel Iced Coffee 13.7 oz Bottle",
    "tmp_canonical_url": "/ip/Starbucks-Frappuccino-Caramel-Iced-Coffee-13-7-oz-Bottle/22086080",
    "tmp_display_price": "$3.28 (23.9 ¢/fl oz per unit)",
    "tmp_in_stock": true,
    "tmp_price": 3.28,
    "tmp_shelf_location": null,
    "vendor_id": "9ba61ee7-1713-4bc3-9748-df4cd42b48b5"
  },
  {
    "external_id": "5L0LUUFEMGOX",
    "image_url": "https://i5.walmartimages.com/asr/fbbc7d3a-6302-4ab3-b282-b7c92c4ce2af.90995ccfb6a894d98ac39f165349af6d.jpeg?odnHeight=180&odnWidth=180&odnBg=ffffff",
    "name": "Starbucks Frappuccino Vanilla Iced Coffee, 9.5 oz, 12 Pack Bottles",
    "tmp_canonical_url": "/ip/Starbucks-Frappuccino-Vanilla-Iced-Coffee-9-5-oz-12-Pack-Bottles/42391046",
    "tmp_display_price": "$23.12 ($1.93/ea per unit)",
    "tmp_in_stock": true,
    "tmp_price": 23.12,
    "tmp_shelf_location": null,
    "vendor_id": "9ba61ee7-1713-4bc3-9748-df4cd42b48b5"
  },
  {
    "external_id": "4REDCQ40GEXF",
    "image_url": "https://i5.walmartimages.com/asr/ab83f558-d135-4705-b674-fae625021ed0.c3d8c6deefac32da568849f97c4dd6f8.jpeg?odnHeight=180&odnWidth=180&odnBg=ffffff",
    "name": "Dunkin' Brownie Batter Donut Iced Coffee 11 fl oz",
    "tmp_canonical_url": "/ip/Dunkin-Brownie-Batter-Donut-Iced-Coffee-11-fl-oz/2886457254",
    "tmp_display_price": "$2.48 (22.5 ¢/fl oz per unit)",
    "tmp_in_stock": true,
    "tmp_price": 2.48,
    "tmp_shelf_location": null,
    "vendor_id": "9ba61ee7-1713-4bc3-9748-df4cd42b48b5"
  },
  {
    "external_id": "267P4KGYRH5G",
    "image_url": "https://i5.walmartimages.com/asr/d215a4e7-a2a7-4319-84b8-1a92e03881e1.1edbf8d54f16a6aec9ff6c3c25f651e0.jpeg?odnHeight=180&odnWidth=180&odnBg=ffffff",
    "name": "International Delight Light Mocha Iced Coffee, 64 Oz.",
    "tmp_canonical_url": "/ip/International-Delight-Light-Mocha-Iced-Coffee-64-Oz/37911611",
    "tmp_display_price": "$4.82 (7.5 ¢/fl oz per unit)",
    "tmp_in_stock": true,
    "tmp_price": 4.82,
    "tmp_shelf_location": null,
    "vendor_id": "9ba61ee7-1713-4bc3-9748-df4cd42b48b5"
  },
  {
    "external_id": "6683VKO7QBAB",
    "image_url": "https://i5.walmartimages.com/asr/15249fa5-998f-41ac-b040-372b77c534c6_1.b18464134bd6e934313ba8577827c297.png?odnHeight=180&odnWidth=180&odnBg=ffffff",
    "name": "Starbucks Frappuccino Mocha Iced Coffee, 13.7 oz Glass Bottle",
    "tmp_canonical_url": "/ip/Starbucks-Frappuccino-Mocha-Iced-Coffee-13-7-oz-Glass-Bottle/14532482",
    "tmp_display_price": "$3.28 (23.9 ¢/fl oz per unit)",
    "tmp_in_stock": true,
    "tmp_price": 3.28,
    "tmp_shelf_location": null,
    "vendor_id": "9ba61ee7-1713-4bc3-9748-df4cd42b48b5"
  },
  {
    "external_id": "106KWOTC9EKC",
    "image_url": "https://i5.walmartimages.com/asr/ae415fc8-784d-4551-ab53-844274497e61.a463d4ad8a6c96a712a0225d3d29b611.jpeg?odnHeight=180&odnWidth=180&odnBg=ffffff",
    "name": "SToK Black, Unsweetened, Light Roast Bright & Mellow Cold Brew Coffee, 48 fl oz Bottle",
    "tmp_canonical_url": "/ip/SToK-Black-Unsweetened-Light-Roast-Bright-Mellow-Cold-Brew-Coffee-48-fl-oz-Bottle/574049282",
    "tmp_display_price": "$5.86 (12.2 ¢/fl oz per unit)",
    "tmp_in_stock": true,
    "tmp_price": 5.86,
    "tmp_shelf_location": null,
    "vendor_id": "9ba61ee7-1713-4bc3-9748-df4cd42b48b5"
  },
  {
    "external_id": "535Y7DC4FBVL",
    "image_url": "https://i5.walmartimages.com/asr/762d696e-2624-416f-953d-363c929eb084.1e5a0c23bbcd18db691c23a787bdfb14.jpeg?odnHeight=180&odnWidth=180&odnBg=ffffff",
    "name": "Alani Nu Protein Coffee, Mocha, 12 fl oz Bottle",
    "tmp_canonical_url": "/ip/Alani-Nu-Protein-Coffee-Mocha-12-fl-oz-Bottle/755139766",
    "tmp_display_price": "Now $1.98 (16.5 ¢/fl oz per unit)",
    "tmp_in_stock": true,
    "tmp_price": 1.98,
    "tmp_shelf_location": null,
    "vendor_id": "9ba61ee7-1713-4bc3-9748-df4cd42b48b5"
  },
  {
    "external_id": "5ZFETH9OKMMF",
    "image_url": "https://i5.walmartimages.com/asr/747c9435-812d-4294-a9b3-d186bcf1d596.4b532b94476becee582354355211877f.jpeg?odnHeight=180&odnWidth=180&odnBg=ffffff",
    "name": "Dunkin' Original, Iced Bottled Coffee Drink, 13.7 fl oz",
    "tmp_canonical_url": "/ip/Dunkin-Original-Iced-Bottled-Coffee-Drink-13-7-fl-oz/111907036",
    "tmp_display_price": "$2.92 (21.3 ¢/fl oz per unit)",
    "tmp_in_stock": true,
    "tmp_price": 2.92,
    "tmp_shelf_location": null,
    "vendor_id": "9ba61ee7-1713-4bc3-9748-df4cd42b48b5"
  },
  {
    "external_id": "43IT08DKZMEV",
    "image_url": "https://i5.walmartimages.com/asr/2ce4b9c2-46ca-4995-8c69-c48815c391ce.4ceabb21eb40e6f886a0986f398accac.jpeg?odnHeight=180&odnWidth=180&odnBg=ffffff",
    "name": "Starbucks Frappuccino Coffee Drink White Chocolate Mocha 6.5 Fl Oz (8 Count)",
    "tmp_canonical_url": "/ip/Starbucks-Frappuccino-Coffee-Drink-White-Chocolate-Mocha-6-5-Fl-Oz-8-Count/1134134075",
    "tmp_display_price": "$24.00 (46.2 ¢/fl oz per unit)",
    "tmp_in_stock": true,
    "tmp_price": 24,
    "tmp_shelf_location": null,
    "vendor_id": "9ba61ee7-1713-4bc3-9748-df4cd42b48b5"
  },
  {
    "external_id": "2BH2ILZY3WGC",
    "image_url": "https://i5.walmartimages.com/asr/d6102202-1be1-4aa5-83d3-4304bc17f8ad.28ecab51e2946fb8d2d94e7201e17fad.jpeg?odnHeight=180&odnWidth=180&odnBg=ffffff",
    "name": "SToK Black, Unsweetened, Dark Roast Extra Bold Cold Brew Coffee, 48 fl oz Bottle",
    "tmp_canonical_url": "/ip/SToK-Black-Unsweetened-Dark-Roast-Extra-Bold-Cold-Brew-Coffee-48-fl-oz-Bottle/264170175",
    "tmp_display_price": "",
    "tmp_in_stock": true,
    "tmp_price": 0,
    "tmp_shelf_location": null,
    "vendor_id": "9ba61ee7-1713-4bc3-9748-df4cd42b48b5"
  },
  {
    "external_id": "2TBNZXLBZ0OI",
    "image_url": "https://i5.walmartimages.com/asr/7b8c410c-6203-46f8-bde7-ea8c919ce6d8.93f0ec4cd1d44221f8752f91673d539d.jpeg?odnHeight=180&odnWidth=180&odnBg=ffffff",
    "name": "Starbucks Doubleshot Espresso & Cream Premium Coffee 6.5 oz Can",
    "tmp_canonical_url": "/ip/Starbucks-Doubleshot-Espresso-Cream-Premium-Coffee-6-5-oz-Can/11964576",
    "tmp_display_price": "",
    "tmp_in_stock": true,
    "tmp_price": 0,
    "tmp_shelf_location": null,
    "vendor_id": "9ba61ee7-1713-4bc3-9748-df4cd42b48b5"
  },
  {
    "external_id": "2DGSAE89N2K3",
    "image_url": "https://i5.walmartimages.com/asr/522d94f6-6ca0-4f5a-b48b-363145752756.09dd68dfaf7eeb0788ad14cf2330f33c.png?odnHeight=180&odnWidth=180&odnBg=ffffff",
    "name": "Super Coffee Mocha Latte Iced Coffee Bottle, 12 fl oz",
    "tmp_canonical_url": "/ip/Super-Coffee-Mocha-Latte-Iced-Coffee-Bottle-12-fl-oz/800449091",
    "tmp_display_price": "",
    "tmp_in_stock": true,
    "tmp_price": 0,
    "tmp_shelf_location": null,
    "vendor_id": "9ba61ee7-1713-4bc3-9748-df4cd42b48b5"
  }
]